1808 2986
193 912 411 1013 ‚Quum
441 948 736 1012 pervagatum
765 952 855 1005 sit,
885 956 1098 994 veterum
1128 950 1411 994 Graecorum
1442 952 1565 1010 colo*-

207 1030 306 1069 nias
345 1035 392 1071 et
428 1030 477 1070 in
508 1029 696 1071 relicuis
736 1029 960 1070 institutis
1001 1027 1199 1084 publicis
1237 1028 1445 1069 civitatis
1484 1042 1566 1083 pa-

207 1101 327 1140 triae
358 1102 586 1156 specimen
616 1101 793 1141 imitari
823 1106 869 1141 et
901 1113 1005 1140 cum
1036 1099 1287 1141 eorundem
1325 1102 1564 1139 numinum

198 1171 433 1228 *religione
463 1173 583 1212 ritus
625 1184 779 1212 sacros
809 1169 1004 1224 quodam
1033 1172 1217 1225 pietatis
1246 1185 1379 1212 sensu
1408 1172 1565 1212 solitas

208 1255 305 1283 esse
332 1241 593 1294 bustodire,
648 1239 768 1280 nihil
799 1240 927 1281 nobis
955 1240 1001 1280 in
1033 1239 1118 1281 hac
1147 1239 1455 1297 disputatione
1487 1242 1568 1282 ha-

206 1312 407 1354 bendum
450 1313 682 1367 antiquius
722 1310 933 1364 videtur,
992 1325 1126 1367 quam
1165 1318 1218 1352 ut
1263 1314 1566 1369 inquiramus,

205 1384 327 1426 unde
345 1383 570 1442 Rhegium
601 1381 822 1439 oppidum
852 1383 974 1443 freto
993 1381 1152 1424 Siculo
1180 1384 1436 1439 proximum
1467 1387 1567 1440 pri-

205 1470 301 1503 mos
334 1456 518 1497 colonos
542 1454 741 1496 Graecos
771 1444 1014 1508 acceperit.
1075 1453 1165 1496 Sed
1196 1461 1250 1495 ut
1279 1456 1328 1497 in
1358 1459 1461 1499 aliis
1492 1473 1566 1500 co·

206 1525 342 1568 Ioniis
386 1528 608 1582 patefacta
646 1524 828 1582 origine
871 1524 926 1565 de
970 1525 1123 1579 patria
1169 1525 1320 1568 cultus
1360 1527 1566 1570 Deorum

199 1610 297 1644 *non
337 1598 453 1637 solet
482 1597 658 1637 oboriri
687 1596 1027 1647 controversia,
1084 1597 1148 1636 ita
1179 1598 1228 1636 in
1270 1597 1355 1638 hac
1385 1599 1566 1639 colonia

206 1681 281 1710 res
310 1665 653 1708 difficultatibus
683 1664 903 1721 impedita
924 1679 988 1706 xex
1020 1679 1074 1707 eo
1104 1671 1212 1720 est,
1237 1667 1358 1723 quod
1390 1668 1566 1710 diversi

205 1739 365 1795 populi
413 1751 519 1779 casu
565 1739 791 1778 incertum
833 1751 890 1777 an
937 1735 1155 1777 divinitus
1200 1740 1369 1778 sociati
1406 1740 1564 1780 eodem

206 1807 698 1865 tempore'Rheg-inam
728 1807 968 1848 civitatem
998 1806 1273 1860 fundarunt,
1311 1807 1564 1852 Messenios

207 1879 310 1921 dico
342 1885 389 1920 et
419 1866 740 1920 Chalcidenses
769 1877 991 1919 Euboeae.
1062 1879 1269 1933 Quorum
1299 1881 1434 1921 alteri
1467 1882 1562 1922 Do-

206 1954 305 1995 rica
345 1950 400 1993 de
438 1953 579 2007 stirpe
612 1950 767 2003 erant,
814 1946 873 1990 ad
901 1947 1039 1990 Jones
1078 1949 1368 2004 pertinebant
1406 1950 1560 1994 alteri.

205 2025 247 2068 A
276 2014 490 2080 Rheginis
529 2028 681 2064 autem
720 2035 859 2077 quum
890 2021 1067 2062 Latona
1105 2027 1233 2062 natos
1265 2029 1420 2064 sancta
1452 2026 1563 2065 reli-

208 2097 346 2156 gione
377 2095 520 2136 cultos
552 2087 808 2144 videamus,
867 2090 1030 2145 Apollo
1071 2090 1253 2146 quidem
1285 2105 1374 2133 non
1414 2098 1566 2148 potest

208 2182 304 2211 esse
334 2168 603 2219 obscurum,
632 2158 753 2206 unde
778 2162 1003 2221 originem
1034 2164 1244 2204 traxerit.
1304 2162 1394 2205 Sed
1417 2163 1565 2206 Diana

205 2241 393 2296 utrique
423 2238 591 2294 populo
623 2235 898 2286 communis,
960 2233 1087 2287 cujus
1130 2233 1222 2274 alia
1249 2235 1366 2290 apud
1396 2235 1564 2288 Dores,

208 2313 297 2354 alia
326 2309 447 2365 apud
476 2309 612 2351 Jones
651 2305 826 2348 indoles
857 2307 946 2346 fuit
976 2304 1127 2358 Deae,
1186 2311 1343 2347 utrum
1374 2306 1564 2362 Delphis

210 2380 522 2439 commigrarit
541 2379 789 2437 Rhegium,
820 2391 877 2419 an
899 2376 1125 2418 Euboeam
1154 2377 1352 2431 patriam
1384 2375 1565 2430 habeat,

208 2455 256 2496 in
296 2454 473 2494 incerto
511 2463 607 2492 esse
647 2448 901 2491 Muellerus
942 2445 1083 2501 dixit,
1132 2447 1270 2489 Dorr.
1302 2447 1338 2488 Ι.
1383 2461 1426 2504 p.
1459 2451 1564 2493 369.

208 2526 355 2583 Quam
400 2522 730 2565 dubitationem
773 2518 882 2562 dum
912 2518 1193 2562 studebimus
1223 2519 1454 2571 eximere,
1511 2518 1564 2559 in

182 2593 479 2655 ‘explicanda
533 2594 683 2651 prima
742 2590 947 2637 civitatis
1004 2591 1141 2634 initia
1198 2586 1563 2634 descendendum

207 2671 315 2714 erit

1229 2745 1280 2792 1*
