1808 2986
251 130 290 181 6

253 251 390 309 quasi
420 253 524 308 quis
549 250 845 298 Helmstadio
868 248 1180 314 'ansvigam
1199 241 1502 311 ⁴p1'·o't'ectt'u·us
1529 263 1623 294 nou

257 325 653 381 praetermitteret
692 325 1076 369 Halberstadium.
1176 325 1390 369 Ceterum
1437 321 1622 365 silentio

260 395 512 438 transimus
558 410 675 452 quae
719 396 902 439 diversa
948 395 1004 438 de
1051 396 1228 439 colonia
1269 381 1472 455 Rhegina
1517 390 1624 435 con-

255 468 411 510 ·denda
440 468 720 511 traduntur:
771 474 1033 525 spectemus
1058 482 1136 523 ea,
1167 477 1286 526 quae·
1311 468 1394 510 fini
1425 464 1625 521 disputa-

262 539 406 579 tionis
436 538 744 581 conducibilia
787 545 907 581 sunt.
998 538 1121 581 Illud
1162 545 1288 581 certe
1319 537 1626 580 obtinebimus

264 611 572 652 certissimum
602 623 723 663 esse,
754 609 913 651 eodem
945 612 1150 667 tempore
1168 606 1492 652 Chalcidenses
1523 617 1628 671 cum
1665 649 1681 654 ,

263 681 508 723 Messeniis
537 682 736 724 sociatos
757 682 985 740 Rhegium
1004 683 1213 724 venisse:
1258 681 1491 736 primu-m,
1519 678 1629 734 quia

262 759 447 794 veteres
469 748 683 795 auctores
704 760 931 795 testantur
960 753 1333 809 locupletissimi:
1359 756 1501 802 'tum,⁷
1519 748 1630 811 qf‘uia

265 826 377 865 alias
400 823 659 867 Messeniae
691 832 849 883 gentes
880 827 958 867 vix
989 830 1203 881 poterant
1233 821 1288 865 ad
1319 820 1630 881 gubernacula

263 896 384 949 reip.
417 893 594 936 sedere.
681 896 836 950 Quare
867 895 1085 938 dissentio
1116 898 1141 937 a
1172 893 1415 936 Wachsm.
1447 893 1629 948 Antiqq.

269 965 353 1006 Gr.
384 964 454 1016 Π,
484 970 528 1009 2.
559 980 602 1022 p.
618 969 747 1020 Υ195.,
779 980 835 1008 ne
864 970 1215 1008 commemorem
1234 964 1369 1007 alios.
1429 962 1633 1004 Primam

269 1039 402 1078 istam
435 1038 681 1090 coloniam,
721 1052 827 1079 nam
858 1037 1056 1080 diversis
1087 1036 1344 1079 intervallis
1373 1040 1634 1091 temporum

269 1111 426 1167 plures
450 1110 718 1151 successisse
742 1108 1021 1164 Messenios,
1052 1123 1142 1151 non
1166 1122 1307 1168 nego,
1340 1096 1498 1165 paucis
1525 1111 1636 1150 'ante

270 1180 444 1221 bellum
497 1180 837 1222 Messeniacum
884 1181 919 1222 I.
960 1182 1090 1222 annis
1145 1181 1370 1242 Rhegium
1422 1179 1636 1221 fundasse

273 1265 452 1294 censeo.
544 1251 633 1293 Cui
661 1254 916 1295 sententiae
947 1267 1005 1295 ne
1035 1254 1134 1309 quis
1174 1257 1304 1308 putet
1334 1252 1481 1294 obniti
1510 1248 1638 1293 testi-

272 1323 477 1364 monium
509 1322 775 1366 Aristotelis
805 1337 860 1380 ap
910 1325 1062 1369 Strab.
1095 1324 1154 1366 X.
1182 1338 1230 1381 ,p.
1260 1325 1393 1379 447„
1433 1324 1511 1381 qui
1540 1329 1638 1365 tum

264 1394 458 1436 *demum
479 1396 651 1437 scribat
670 1396 991 1438 Chalcidenses
1010 1385 1251 1438 deduxisse
1272 1396 1470 1449 colonos,
1499 1410 1639 1454 quum

275 1466 545 1519 Γπποβόται
574 1482 716 1524 remp.
748 1468 1148 1521 administrarent,
1187 1482 1277 1509 non
1311 1470 1509 1521 constat,
1550 1481 1639 1524 quo

274 1540 346 1580 illi
388 1545 595 1595 tempore
626 1552 768 1595 remp.
804 1541 1148 1595 capessiverint.
1235 1540 1294 1582 Et
1324 1553 1381 1581 ne
1412 1546 1510 1581 tum
1541 1541 1644 1596 qui..

278 1607 382 1651 dem
413 1609 590 1650 obesset
620 1609 732 1650 hae‘o
761 1603 1203 1667 gravissima'Ai-ist.
1235 1611 1485 1664 meinoria,
1531 1623 1642 1667 quo-

278 1684 402 1724 niam
449 1682 645 1722 interest
684 1682 810 1722 inter
841 1680 1026 1722 colonos
1065 1688 1193 1724 certo
1225 1682 1419 1724 consilio
1448 1684 1496 1723 in
1527 1682 1643 1724 alie-

277 1767 361 1795 nas
404 1751 534 1795 sedes
577 1750 797 1793 deductos
842 1757 888 1794 et
928 1751 1141 1794 homines
1184 1752 1388 1809 Apollini
1432 1752 1642 1806 traditos,

277 1831 381 1881 post
409 1823 624 1867 secedere
655 1824 814 1878 jussos.
877 1822 1092 1866 Ceterum
1121 1820 1384 1877 ἱπποβότας
1412 1823 1468 1866 ad
1499 1836 1642 1880 remp.

278 1895 606 1938 moderandam
643 1894 849 1937 admotos
891 1893 1119 1950 judicavit
1148 1894 1258 1938 Rad.
1288 1895 1496 1954 Rochett.
1536 1890 1641 1938 hist.

282 1968 368 2009 col.
404 1967 483 2008 Gr.
517 1967 605 2020 ΙΙΙ,
636 1982 680 2024 p.
716 1970 814 2012 198.
858 1967 930 2008 01.
960 1966 1046 2019 X.;
1106 1967 1233 2020 cujus
1263 1968 1490 2010 calculum
1523 1982 1645 2010 com-

280 2040 496 2096 probavit
512 2038 561 2080 C.
579 2039 649 2080 Fr.
668 2038 937 2091 Hermann„
967 2037 1091 2080 Mus.
1114 2038 1256 2081 Rhe'n.
1287 2043 1415 2084 1832.
1448 2039 1482 2080 Ι.
1515 2053 1556 2095 p.
1571 2044 1643 2086 93.

399 2110 666 2171 Congruens
698 2117 789 2164 est,
844 2111 927 2153 hos
958 2111 1145 2153 colonos
1174 2125 1230 2153 ex
1262 2125 1388 2154 more
1417 2108 1646 2169 Apollinis

284 2180 550 2239 ἀρχαγέτου
611 2183 890 2240 religionem
953 2182 1163 2224 debuisse
1225 2184 1470 2226 instituere
1502 2192 1547 2239 ,‘
1574 2187 1647 2227 uti

285 2270 440 2298 omnes
470 2255 677 2297 coloniae
708 2268 734 2295 a
755 2254 977 2309 Delphico
996 2254 1095 2296 Deo
1126 2255 1340 2309 emissae,
1371 2251 1487 2313 quae
1518 2258 1647 2298 fuere

285 2328 529 2386 plurimae.
618 2326 718 2368 Nec
763 2325 958 2365 Dianam
1002 2330 1215 2379 poterant
1257 2325 1530 2383 negligere,
1591 2327 1647 2368 ob

286 2412 419 2455 quam
459 2402 565 2455 pm
604 2396 753 2438 altera
786 2396 1053 2437 colonorum
1091 2408 1116 2435 a
1153 2409 1201 2437 se
1231 2395 1457 2439 defensam
1499 2405 1545 2439 et
1574 2411 1649 2439 ex-

288 2470 474 2511 cidisset
518 2475 566 2510 et
616 2480 899 2509 communem
948 2468 1128 2522 patriae
1187 2469 1370 2526 ruinam
1415 2470 1647 2511 evitasset.

271 2542 347 2585 ”Ut
376 2547 528 2581 autem
559 2539 751 2595 Delphis
781 2539 926 2594 juncti
955 2537 1175 2587 Πυθῶνος
1205 2540 1416 2587 αἰπεινᾶς
1446 2534 1651 2594 ὁμόκλα-

288 2628 360 2673 9⁰⁶
390 2607 625 2664 ἔποπται,
680 2606 807 2654 Pind.
839 2610 970 2655 Nem.
1005 2608 1097 2667 IX,
1128 2617 1198 2668 5.,
1255 2614 1321 2656 ita
1351 2612 1513 2671 Rhegii
1543 2625 1652 2656 con-

288 2686 434 2744 jugati
466 2686 665 2726 fuerunt.
