1808 2986
272 130 342 185 14

269 255 347 300 vel
376 255 565 308 silentio
578 284 581 288 -
594 257 1001 313 praetermittunt,
1046 259 1364 306 immorantun
1377 255 1569 306 diutius,
1581 259 1637 302 in

272 328 438 372 Oreste
470 328 578 373 inde
607 331 655 371 in
686 329 899 372 Siciliam
945 335 1263 387 transgresso,
1320 329 1407 371 ubi·
1432 328 1639 387 Phaceli-

269 411 357 441 nae
388 399 637 441 simulacro
669 398 878 455 deposito
908 402 1132 442 festorum
1174 401 1357 444 dierum
1386 401 1637 443 solennita-

269 476 337 512 tes
366 472 650 519 instituerit,
682 471 729 512 id
749 484 883 527 quam
904 472 1130 519 rationem
1149 471 1343 528 habeat,
1373 471 1463 514 noxi
1486 476 1638 528 potest

269 541 460 601 ambigi.
550 542 849 598 Occupantur
887 544 1014 585 enim
1060 543 1110 585 in
1155 556 1236 598 eo,
1277 550 1349 586 ἰιι
1384 556 1515 586 sacra
1554 542 1637 584 illa

268 614 446 657 Dianae
487 614 684 656 carmini
735 613 944 656 bucolico
992 613 1223 672 originem
1266 612 1513 656 defendant
1556 610 1636 654 de-

270 686 423 741 disse,
480 699 567 742 qua
608 685 758 743 gloria
788 684 951 729 Sicilia
980 699 1070 727 non
1110 685 1245 728 facile
1289 692 1472 740 poterat
1510 687 1636 727 frau-

269 756 388 800 dari.
477 756 735 803 verissime
765 763 922 802 autem
951 756 1190 815 Lamprid.
1229 771 1275 814 p.
1304 761 1410 803 103.
1443 755 1633 799 Casaub.

268 829 515 883 „Orestem
545 828 732 885 quidem
755 831 913 872 ferunt
941 842 1033 870 non
1053 842 1198 871 unum
1226 822 1522 871 simulacrum
1551 841 1635 869 nec

268 914 362 943 uno
392 901 444 942 in
475 900 593 958 loco&
610 902 843 956 posuisse,
889 900 967 945 sed
999 900 1145 948 multa
1175 902 1229 942 in
1255 894 1457 942 multis.“
1524 898 1635 943 Ubi-

269 980 453 1027 cunque
485 973 607 1013 enim
637 971 814 1013 Dianae
844 969 1056 1027 Ὀρθίας,
1106 969 1389 1027 Ὀρθωσίας,
1440 967 1634 1011 Φακελίψ

267 1041 424 1094 τιδος,
458 1039 790 1097 Ταυροπόλου,
821 1040 1120 1097 Λογοδέσμας
1148 1048 1361 1096 vocatae,
1411 1055 1547 1097 quam
1577 1055 1633 1083 ex

267 1115 474 1157 Taurica
504 1115 552 1155 in
578 1113 823 1156 Graeciam
854 1112 1052 1155 delatam
1081 1113 1456 1166 arbitrabantur,
1494 1114 1632 1153 flore-

266 1186 348 1229 bat
377 1185 573 1245 religio‚
626 1184 927 1228 simulacrum
957 1183 1068 1229 deae
1099 1191 1252 1228 ortum
1283 1184 1447 1228 debere
1478 1185 1631 1228 Oresti

266 1255 475 1297 solebant
505 1256 785 1296 existimare.
859 1254 930 1296 Ita
960 1269 1051 1296 non
1082 1256 1243 1311 procul
1274 1269 1302 1297 a
1331 1256 1487 1314 Tegea
1518 1263 1631 1299 tem-

266 1327 394 1384 plum
423 1327 705 1368 Limnatidis
736 1328 876 1369 fuisse
908 1327 1037 1368 Paus.
1070 1326 1187 1381 VII,
1216 1332 1301 1382 20,
1329 1330 1372 1373 4.
1405 1333 1630 1379 testatur:

267 1398 488 1445 discimus
533 1412 588 1440 ex
627 1397 805 1441 Herod.
839 1398 890 1450 Ι,
922 1401 996 1444 67.
1039 1398 1268 1457 Tegeatas
1314 1413 1414 1441 ossa
1453 1401 1630 1442 Orestis

265 1471 356 1513 sibi
401 1469 673 1513 vindicasse.
762 1470 911 1511 Attici
950 1469 1274 1525 Brauronem,
1331 1471 1628 1527 Eurip.-Ip112

264 1541 407 1584 Taur.
442 1544 603 1594 1419.‚
644 1539 787 1581 Halas
819 1542 980 1594 1430„
1040 1542 1246 1584 Ariciam
1276 1541 1390 1584 adeo
1421 1543 1631 1586 ferebant

264 1613 509 1666 attulisse,
569 1626 614 1654 v.
655 1612 820 1653 Donat.
858 1612 945 1653 vit.
994 1611 1129 1669 Virg.
1180 1626 1222 1668 p.
1254 1611 1396 1656 XCII.
1451 1613 1627 1668 Heyn.,

264 1684 444 1741 Hygin.
487 1683 573 1723 fab.
607 1684 694 1727 261
725 1712 738 1734 ,
797 1680 932 1723 Serv.
992 1682 1104 1723 Aen.
1137 1682 1210 1736 II,
1242 1686 1341 1729 116.
1401 1684 1625 1740 Porphyr.

264 1756 384 1798 Hor.
427 1754 462 1797 Ι.
520 1767 703 1796 carmm.
744 1755 804 1806 7,
848 1756 919 1797 10.
1008 1752 1080 1794 Ibi
1109 1752 1408 1798 Nemorensis
1448 1762 1626 1810 vocata,

262 1828 437 1870 Buttm.
471 1824 674 1879 Mythol.
707 1823 766 1878 ΙΙ,
797 1838 841 1879 p·
872 1827 971 1869 145.
1063 1823 1155 1867 Sed
1184 1838 1300 1880 quae
1331 1825 1461 1868 addit
1489 1829 1626 1869 Lam-

262 1900 382 1957 prid.
445 1905 638 1956 „postea
677 1912 813 1954 quam
856 1911 905 1939 se
946 1895 1066 1953 apud
1108 1897 1222 1939 Tria
1257 1898 1461 1941 Flumina
1501 1903 1625 1943 circa

262 1973 477 2014 Hebrum
523 1984 577 2011 ex
623 1982 839 2023 responso
883 1970 1174 2023 purificavit,
1235 1972 1374 2012 etiam
1419 1971 1626 2014 Orestam

263 2041 473 2085 condidit
496 2042 731 2082 civitatem
745 2039 791 2092 ,“
822 2053 874 2081 ea
905 2040 1056 2082 aliena
1087 2046 1209 2081 sunt.
1269 2041 1488 2097 Spectant
1515 2045 1626 2088 haec

262 2114 320 2156 ad
359 2112 578 2152 ἐνιαυτοῦ
612 2109 799 2158 κύκλον,
859 2125 998 2166 quem
1027 2112 1155 2164 jussu
1184 2111 1413 2167 Apollinis
1444 2121 1491 2156 et
1521 2104 1625 2157 aliis

262 2185 311 2225 in
342 2184 456 2226 locis
487 2182 716 2224 habitasse
748 2182 1054 2237 perhibebant
1084 2187 1131 2223 et
1161 2183 1210 2223 in
1242 2182 1511 2239 Parrhasia,
1544 2185 1625 2228 do-

259 2269 346 2297 nec
384 2256 607 2296 lustratus
649 2254 887 2294 hominum
929 2254 1202 2294 commercio
1242 2256 1513 2310 frueretur,
1579 2271 1623 2298 v.

258 2327 371 2370 Eur.
406 2326 555 2370 Orest.
601 2326 733 2372 1644.
824 2323 1080 2379 Pherecyd.
1127 2325 1175 2366 in
1206 2324 1379 2368 Scholl.
1420 2325 1475 2369 ad
1521 2341 1623 2369 eum

260 2398 427 2440 locum.
518 2399 760 2443 Troezene
802 2394 1066 2439 ἐνιαυτίσαι
1104 2388 1355 2439 Troezenii
1391 2377 1630 2452 volebant,

260 2467 392 2511 Paus.
423 2468 490 2524 Π,
529 2472 712 2523 31911.
742 2493 800 2500 -

352 2539 480 2581 AEae
511 2540 690 2582 fabulae
723 2540 922 2601 Orestis,
981 2554 1098 2597 quae
1129 2541 1355 2601 Rhegium
1398 2546 1621 2597 spectant,

259 2624 394 2655 nemo
424 2608 685 2667 dubitabit,
745 2614 828 2670 qui
870 2614 1074 2672 origines
1105 2615 1310 2656 civitatis
1340 2613 1620 2668 meminerit,

261 2684 378 2739 quin
418 2693 522 2723 cum
566 2684 794 2740 religione
824 2683 1052 2740 Apollinis
1098 2691 1145 2726 et
1175 2685 1373 2737 Dianae,
1400 2704 1475 2716 -·
1517 2698 1621 2726 nam
