1808 2986
236 110 275 165 8

239 240 392 290 steae,
422 236 470 279 in
502 236 637 295 quain
666 238 825 283 statim
854 230 1171 298 inqniremus,
1210 244 1425 298 apparet,
1455 244 1504 282 et
1533 237 1607 283 di-

241 313 367 350 serto
416 309 683 353 testimonio
736 312 905 354 nititur
947 311 1187 369 Pomponii
1229 310 1334 355 Sab.
1380 311 1429 352 in
1467 308 1605 368 Virg.

241 375 598 433 Aen-11·,11'.6
616 383 790 440 „cujus
816 383 1011 424 nominis
1037 383 1266 425 colebatur
1290 382 1411 437 apud
1439 379 1607 435 Rhegi-

241 463 339 494 nos.
343 451 376 474 ‘⁴
461 451 620 509 anue
659 452 782 497 unde
822 460 1063 512 apportata
1115 454 1342 514 Rhegium
1372 453 1467 508 sit,
1516 463 1607 493 non

242 522 352 578 jam
365 523 461 565 erit
490 525 751 568 obscurum.

361 593 521 638 Refert
558 597 682 638 enim
712 595 839 637 Paus.
873 594 966 650 111,
999 599 1081 651 16,
1110 598 1156 642 6.
1224 596 1493 638 Limnaeam
1533 602 1610 637 re-

244 664 454 723 gionem,
512 667 593 723 qui
634 673 735 710 erat
763 669 892 710 vicus
922 667 1142 726 Spartae,
1202 667 1381 711 Dianae
1416 663 1609 708 Orthiae

244 748 424 778 sacram
453 749 576 780 esse:
633 737 692 779 τὸ
722 736 890 791 ξόανον
918 746 1071 784 autem
1101 740 1224 783 Deae
1254 737 1456 781 fabulari
1484 737 1611 778 inco-

244 804 313 847 las
333 805 544 852 Orestem
566 810 677 854 olim
710 819 756 855 et
773 811 1058 872 Iphigeniam
1087 826 1191 855 cum
1211 808 1387 867 Pylade
1410 821 1465 851 ex
1484 807 1611 851 Tau-

246 879 348 921 rica
390 880 567 922 furatos
608 882 675 925 ibi
716 881 991 939 deposuisse.
1079 883 1241 940 Pergit
1278 880 1411 923 Paua.
1454 881 1538 931 16,
1564 880 1610 922 7.

247 949 453 990 καλοτῖσι
483 949 531 992 δὲ
551 952 633 992 οὐκ
654 952 836 1011 Ορὸίαν
858 951 1018 1010 μόνον,
1050 952 1180 995 ἀλλὰ
1209 951 1287 994 καὶ
1308 946 1613 1006 Λυγοδέσμαν

245 1014 332 1065 τὴν
362 1017 533 1071 αὐτὴν,
590 1020 672 1063 ὅτι
701 1022 748 1064 ἐν
775 1022 939 1080 θάμνῳ
973 1023 1125 1080 λύγων
1155 1021 1341 1078 εὑρέθη,
1387 1020 1614 1077 ποριιιλη-
1651 1028 1655 1032 ’

215 1149 218 1152 ‚
245 1088 390 1129 θεῖσα
421 1089 469 1133 δᾶ
499 1091 523 1140 ἦ
555 1091 693 1148 λύγος
721 1092 905 1146 ἐποίησε
932 1092 991 1138 τὸ
1023 1092 1217 1152 ἄγαλμα
1249 1091 1405 1153 ὀρθόν.
1463 1095 1613 1148 Λυγο-

249 1159 424 1225 δέσμαν
454 1172 606 1208 autem
637 1181 730 1210 non
760 1167 1025 1226 discrepare
1053 1182 1080 1210 a
1110 1168 1377 1219 Phacelina,
1407 1164 1615 1207 declara-

213 1228 221 1283 ζ
247 1233 401 1277 bimus
431 1236 568 1279 infra.
632 1238 737 1282 Jam
766 1253 881 1283 vero
911 1253 1017 1283 cum
1046 1252 1220 1282 summa
1250 1238 1400 1297 specie
1430 1236 1532 1279 veri
1559 1248 1616 1277 ex

215 1305 519 1348 'Limn'arum
563 1311 763 1351 nominis
810 1311 1130 1352 communione
1188 1308 1352 1349 liceret
1394 1310 1615 1356 statuere,

247 1376 322 1418 uti
362 1376 411 1436 in
450 1376 678 1422 suburbio
709 1378 927 1438 Spartae,
985 1381 1052 1423 ita
1092 1381 1142 1421 in
1173 1392 1286 1437 agro
1315 1365 1617 1420 Dentheleate

247 1447 447 1489 Dianam
478 1447 784 1504 Λυγοδέσμαν
813 1457 1122 1507 nuncupatam
1154 1451 1318 1502 fuisse,
1357 1447 1467 1490 hinc
1495 1446 1616 1488 Rhe-

247 1518 374 1576 gium
406 1518 626 1578 migrasse
656 1533 761 1563 cum
791 1521 918 1575 istis,
962 1533 1074 1577 quos
1103 1518 1441 1577 praediximus,
1492 1514 1617 1558 Mes-

249 1590 404 1630 seniis.
465 1590 525 1632 At
554 1603 645 1632 non
677 1605 790 1647 opus
822 1592 1088 1647 conjectura
1119 1596 1210 1644 est,
1240 1588 1465 1646 siquidem
1488 1585 1617 1628 Stra-

250 1659 311 1702 bo
342 1659 469 1703 VIII·
515 1675 560 1718 p·
591 1665 697 1709 362.
729 1664 862 1705 testis
886 1663 989 1706 est:
1048 1653 1146 1703 ἀπὸ
1177 1664 1272 1703 τῶν
1300 1650 1483 1715 Λιμναῖν
1511 1653 1618 1697 τού-

247 1742 344 1769 των
382 1729 522 1786 (quae
562 1733 757 1773 fuerunt
795 1733 859 1773 in·
885 1733 1083 1776 confinio
1112 1733 1283 1776 Lacon.
1326 1738 1372 1774 et
1399 1729 1618 1781 Messen.)

248 1798 328 1840 nat
367 1798 424 1840 τὸ
464 1799 512 1840 ἐν
541 1798 738 1858 Σπάρτῃ
769 1800 997 1860 Λιμναῖον
1029 1805 1209 1859 εἴρηται
1246 1802 1329 1849 τῆς
1365 1794 1620 1855 Αρτέμίδος

253 1868 390 1926 ἱερόν.
475 1871 607 1914 Unde
636 1874 924 1929 perspicitur
953 1874 1244 1929 luculenter,
1305 1873 1500 1915 Dianam
1530 1870 1619 1910 Av-

249 1939 484 2000 γοδέσμαν
520 1944 577 1985 ab
621 1943 706 1985 illo
736 1956 869 1989 sacro
900 1946 1223 2004 commigrasse
1254 1950 1303 1988 et
1329 1943 1543 2001 Spartam
1572 1948 1621 1985 et

244 2027 357 2063 cum
387 2012 634 2055 Messeniis
666 2014 905 2072 Rhegium.

370 2084 458 2127 His
489 2086 555 2126 ita
585 2085 836 2134 absolutis,
867 2084 925 2127 de
956 2083 1110 2127 fabula
1141 2084 1318 2127 Orestis
1346 2083 1514 2143 Rhegii
1546 2084 1620 2126 lu-

241 2157 395 2198 ·strati
436 2157 641 2211 rectius,
700 2170 835 2214 quam
863 2156 1061 2199 antehac
1099 2157 1274 2199 factum
1303 2160 1398 2211 est,
1456 2155 1623 2199 licebit

252 2226 476 2282 judicare.

371 2299 557 2344 Orestes
588 2306 755 2344 necata
783 2300 925 2358 impia
956 2304 1129 2353 matre,
1188 2300 1255 2342 ita
1285 2301 1465 2344 fabulae
1501 2303 1622 2345 fere-

240 2373 368 2417 bant
389 2372 452 2426 ⁴),
482 2373 532 2413 in
562 2374 772 2414 furorem
795 2383 1072 2424 conversus,
1102 2370 1345 2414 oraculum
1373 2370 1492 2414 adiit
1511 2371 1622 2413 Del-

313 2536 353 2578 Δ)
401 2532 508 2569 Nihil
526 2531 610 2568 dico
628 2531 677 2568 de
693 2530 914 2566 diversitate
937 2528 1180 2575 fabularum3
1216 2535 1416 2567 teneamus
1433 2538 1496 2572 ea,
1522 2537 1622 2574 quae

394 2595 448 2632 ad
472 2594 572 2629 hanc
590 2604 675 2628 rem
692 2590 976 2627 dilucidandam
1001 2590 1158 2627 faciant.
1204 2591 1388 2638 vulgares
1410 2587 1456 2624 de
1477 2586 1624 2622 Orestis

398 2655 488 2694 fati·
512 2652 663 2701 mythos
692 2662 814 2699 nuper
839 2650 998 2697 collegit
1023 2645 1193 2687 Westrik
1225 2649 1272 2687 de
1297 2646 1429 2686 Aeseh.
1452 2646 1624 2696 Choeph.
