1808 2986
1425 117 1496 167 25

144 237 309 283 Ελείαν
337 241 578 286 Messeniis
592 258 602 292 γ
616 243 778 287 asserit
817 241 1009 298 cultam,
1065 238 1315 301 referenda
1335 240 1401 284 sit
1434 236 1495 282 ad

141 311 325 356 Limnas
354 317 457 374 agri
479 313 814 361 ,Dentheleatim
882 314 1027 368 Hinc,
1066 328 1205 370 quum
1234 313 1331 356 Dea
1360 323 1494 369 agre-

142 385 223 426 stis
255 391 303 426 et
332 386 573 441 pastoritia
604 388 844 441 evasisset,
889 385 1007 427 lacte
1036 391 1083 426 et
1111 399 1265 434 casce,
1295 386 1493 426 rustico-

142 466 246 495 rum
277 455 511 498 hominum
540 457 831 512 muneribus,
873 457 1036 499 donata
1064 456 1255 510 dicitur,
1303 471 1347 498 v.
1380 456 1493 497 Pro-

142 524 250 569 bum
279 528 308 570 1.
342 541 380 569 c.
442 526 574 571 Illam
602 535 755 571 autem
785 529 927 572 Deam
964 542 1048 571 cur
1077 533 1256 571 veteres
1286 541 1342 569 ex
1370 526 1492 569 Tau-

143 599 243 639 rica
285 597 526 642 oriundam
577 599 863 660 judicarint,
922 600 1005 642 hae
1046 598 1266 641 videntur
1309 611 1491 641 caussae

141 671 338 722 fuissae3
383 683 486 713 nam
516 684 625 713 num
655 685 765 714 vere
795 669 903 713 inde
931 671 1229 713 simulacrum
1261 668 1319 711 ad
1349 669 1491 712 Grae-

142 753 217 782 cos
246 743 534 797 pervenerit,
564 743 612 783 in
642 743 820 788 incerto
851 744 1072 798 relinquo.
1131 743 1321 785 Veteres
1345 741 1493 784 Grae-

144 813 187 853 ci
216 826 356 867 quum
385 826 441 854 ex
470 814 670 871 antiquis
700 814 980 871 temporibus
1012 815 1312 870 accepissent,
1341 815 1493 870 prisca

138 889 290 928 aetate
346 886 470 927 ferae
516 884 737 930 Graeciae
787 889 1008 929 exstitisse
1051 887 1191 929 Deam
1245 884 1491 939 crudelem,

137 954 317 996 Dianae
344 958 525 998 nomine
556 959 841 1015 insignitam,
873 959 1067 1002 humano
1094 957 1360 1015 placandam
1390 971 1493 997 san-

138 1026 312 1083 guine,
371 1026 497 1070 illam
526 1028 613 1071 sibi
636 1037 972 1086 'persuaserunt
999 1044 1087 1072 non
1118 1032 1165 1072 in
1199 1029 1384 1072 Graecis
1416 1042 1493 1070 re-
1542 1055 1545 1058 -

142 1097 353 1156 gionibus
389 1104 565 1153 natam,
623 1101 704 1144 sed
743 1115 798 1142 ex
838 1102 1037 1144 Taurica
1076 1108 1200 1143 terra
1238 1100 1492 1153 advectam,

141 1173 405 1223 postquam,
448 1169 530 1218 ubi
559 1174 833 1212 commercio
865 1172 1148 1214 Graecorum
1178 1172 1255 1212 illa
1289 1173 1385 1212 loca
1416 1184 1494 1225 pa-

140 1244 240 1280 tere
270 1246 554 1296 coeperunt,
611 1242 677 1283 ibi
708 1257 890 1286 saevam
919 1243 1117 1300 aliquam
1148 1243 1294 1284 Deam
1324 1242 1493 1285 cultam
1553 1266 1556 1270 -

138 1311 481 1355 intellexerunt.
549 1313 803 1361 ⁴Traducta
846 1328 961 1357 vero
1006 1315 1199 1364 Graecia
1242 1328 1268 1355 a
1312 1319 1496 1356 vetusta

140 1396 323 1425 morum
361 1385 604 1426 ferocitate
633 1384 690 1425 ad
720 1385 1111 1427 mansuetudinem
1141 1387 1262 1427 vitae
1294 1397 1497 1426 commu-

140 1454 212 1495 nis
229 1483 242 1506 ,
274 1453 374 1496 Dea
402 1468 580 1511 quoque
601 1454 846 1498 videbatur
875 1455 1134 1511 deposuisse
1165 1455 1363 1497 indolem
1392 1455 1495 1497 bar-

141 1524 307 1585 baram>
343 1527 603 1582 factumque
656 1539 823 1567 numen
866 1525 1030 1571 viridis
1073 1531 1266 1567 naturae
1314 1538 1495 1566 earum-

138 1609 229 1653 que
260 1597 514 1655 regionum,
566 1608 678 1653 quae
709 1596 765 1639 ob
795 1597 1079 1651 fertilitatem
1110 1598 1381 1653 conspicuae
1415 1611 1496 1654 pa·-

137 1666 317 1709 scendis
332 1668 551 1726 gregibus
568 1669 761 1709 maxime
787 1666 977 1710 idoneae
998 1667 1297 1709 haberentur.
1350 1668 1497 1726 Egre-

137 1740 217 1799 gie
247 1737 364 1781 hanc
383 1744 584 1780 nostram
606 1737 660 1780 de
692 1737 846 1780 indole
870 1738 993 1781 Deae
1022 1740 1295 1780 sententiam
1323 1739 1496 1793 firmat,

137 1808 265 1865 quod
294 1806 515 1865 OpSmcn'a
545 1810 697 1864 (quam
728 1822 786 1855 ex
800 1809 1001 1851 Taurica
1033 1809 1319 1865 repetebant)
1349 1810 1497 1851 Diana

141 1881 232 1923 fuit
260 1878 381 1936 apud
401 1880 696 1939 Megarenses
725 1881 969 1938 eademque
994 1878 1261 1934 Λιμενῆτις,
1290 1895 1335 1924 v.
1355 1878 1497 1923 vvel-

136 1951 267 1993 cker.
298 1951 503 2009 Theogn.
534 1954 638 1996 727.
726 1951 785 1992 Et
823 1950 1025 1992 scintilla
1062 1956 1187 1991 certe
1225 1952 1331 1992 veri
1368 1952 1496 2005 latet,

139 2024 331 2080 opinor,
361 2023 409 2065 in
440 2022 659 2079 perplexa
687 2021 774 2065 hac
792 2024 1055 2065 narratione
1074 2023 1267 2065 Acronis
1299 2022 1357 2065 ad
1379 2022 1496 2066 Hor.

141 2093 178 2136 Ι.
211 2105 397 2135 carmm.
427 2096 486 2146 7,
519 2096 589 2138 10.
676 2090 813 2142 „Post
856 2087 1163 2135 matricidiuin
1194 2092 1369 2137 Orestes
1397 2107 1500 2136 cum

128 2165 346 2222 sur-eret,
395 2166 513 2206 adiit
542 2167 773 2207 oraculum
802 2166 857 2206 de
884 2166 1106 2207 sanitate.-
1166 2167 1400 2208 oraculum
1429 2178 1499 2206 re-

143 2238 346 2291 spondit,
385 2236 449 2277 sic
478 2250 579 2277 eum
605 2248 730 2290 posse
756 2236 918 2277 sanari
927 2263 939 2283 ‚
982 2237 1023 2276 si
1052 2234 1236 2278 Dianae
1265 2234 1500 2290 Scythicae

140 2309 200 2350 dc
222 2305 416 2350 Taurica
445 2306 767 2348 simulachrum
798 2306 1022 2364 auferret.
1080 2303 1319 2364 Profectus
1348 2308 1501 2362 itaque

143 2388 224 2422 est.
303 2376 390 2423 Ubi
418 2391 544 2420 soror
573 2377 669 2433 ejus
696 2379 925 2429 sacerdos,
976 2393 1090 2435 quae
1118 2381 1315 2422 advenas
1349 2380 1501 2421 immo-

145 2452 293 2500 labat,
345 2450 531 2504 agnovit
560 2449 760 2509 fratrem
789 2457 834 2491 et
861 2451 1062 2504 pepercit
1092 2450 1188 2505 illi,
1245 2451 1500 2506 interroga·

143 2525 322 2580 vitque,
375 2536 459 2566 cur
487 2520 678 2564 venisset
687 2533 708 2573 ;
768 2520 846 2565 ille
874 2521 1107 2565 indicavit.
1192 2519 1500 2566 Abstulerant

146 2598 251 2641 inde
277 2594 597 2640 simulachrum
610 2619 625 2643 ,
680 2592 817 2637 simul
841 2605 973 2639 soror
998 2602 1156 2638 secuta<
1178 2601 1255 2636 est.
1342 2593 1501 2639 Delati
