1808 2986
1453 99 1524 156 ,27

176 244 293 273 mam
325 238 475 274 tamen
497 233 781 273 consecutus-
808 236 878 272 est
906 230 1221 273 celebritatem
1248 229 1372 271 inter
1401 224 1523 270 idem

177 316 319 346 ausos.
377 303 501 346 Bene
531 308 682 345 autem
711 304 910 356 factum,
952 301 1071 358 quod
1101 308 1145 345 et
1168 303 1270 355 illi,
1313 302 1421 342 licet
1451 299 1523 339 in-

178 374 416 417 credibilia
448 373 639 415 fabulati
670 380 717 414 et
738 387 896 414 vsecum
926 372 1246 429 repugnantia,
1297 370 1362 414 ad
1390 382 1523 411 sacra

178 446 379 498 Dianae,
415 457 547 500 quam
578 441 700 492 Λύην
732 441 1000 496 Diomedes,
1030 442 1201 484 Probus
1229 439 1409 481 Λυαίαν
1439 454 1521 483 no-

178 518 346 568 minat,
404 514 658 571 primordia
689 516 941 557 carminum
970 514 1175 570 alligant.
1262 515 1408 569 Quam
1439 527 1521 555 au-

173 593 271 630 ‘tem
300 585 503 645 fingendi
531 585 688 641 lubido
731 587 781 628 in
823 586 893 627 his
923 584 1279 627 narratiunculis
1322 590 1522 641 grassata

179 662 262 714 sit,
307 660 415 703 hinc
443 660 606 702 elucet.
673 660 791 702 Nam
821 659 1023 702 Gramm.
1055 659 1290 701 Theocrit.
1322 657 1353 697 1.
1386 672 1424 699 c.
1457 659 1520 698 lo-

181 732 340 786 quitur
359 729 413 772 de
445 731 596 773 turbis
618 731 855 785 civilibus,
887 743 1000 786 quae
1018 729 1266 783 Syracusas
1284 730 1519 786 agitarint,

179 801 421 853 universe,
482 800 645 856 quibus
692 802 949 856 compositis
978 793 1088 841 laeti
1119 800 1321 841 homines
1359 801 1521 842 rustici

179 870 321 911 Deam
353 870 483 911 illam
509 870 749 912 cantilenis
779 873 872 912 suis
901 872 1182 912 ornaverint.
1242 871 1523 912 Posteriores

179 941 479 984 Grammatici
518 943 565 982 in
598 955 652 984 eo
683 956 772 983 non
809 942 1177 998 acquiescebant:
1234 948 1410 991 certum
1440 943 1522 982 ali-

180 1011 300 1068 quod
329 1012 761 1068 tempusfixerunt,
819 1013 937 1069 quod
977 1013 1033 1055 ad
1076 1015 1197 1054 illam
1229 1013 1523 1055 consuetudi-

180 1097 283 1125 nem
311 1096 465 1125 ansam
494 1082 706 1126 dedisset.
792 1084 944 1142 Igitur
972 1084 1146 1125 Probus
1185 1082 1322 1137 dicit,
1380 1098 1522 1140 quum

181 1160 288 1195 ante
336 1154 526 1195 Gelonis
574 1152 867 1208 tyrannidem
922 1153 997 1194 lue
1045 1166 1211 1207 pecora
1259 1155 1525 1195 interissent

180 1225 447 1280 Syracusis,
478 1226 735 1266 institutam
757 1216 930 1267 Dianae
954 1224 1224 1282 religionem
1252 1236 1382 1265 essse.
1442 1225 1526 1266 Di-

181 1295 334 1339 omedi
365 1295 446 1338 Gr.
468 1295 547 1338 111.
579 1310 622 1351 p.
643 1298 739 1341 144.
801 1294 1023 1338 Berwald.
1056 1296 1227 1350 placuit
1256 1294 1383 1336 aliud
1412 1301 1524 1337 tem-

180 1369 304 1424 poris
329 1373 626 1421 momentum,
656 1369 805 1423 aptius
825 1364 941 1407 illud
962 1366 1108 1406 visum
1135 1363 1192 1406 ad
1216 1367 1418 1407 carmina
1446 1380 1527 1422 pa-

181 1440 363 1481 storitia
393 1437 685 1480 instituenda.
759 1434 1014 1490 Antequam
1042 1434 1187 1475 Hiero
1217 1450 1299 1476 rex
1327 1435 1525 1489 Syracu-

180 1522 255 1550 sas
282 1517 591 1563 expugnaret,
639 1506 787 1547 morbo
816 1504 972 1548 Sicilia
1000 1505 1259 1553 laborabat.
1310 1509 1454 1552 variis
1482 1518 1527 1549 et

181 1580 372 1619 assiduis
398 1578 660 1620 ceremoniis
687 1573 895 1618 Dianam
920 1577 1174 1629 placantes,
1218 1577 1364 1632 finem
1395 1580 1528 1620 malis

181 1651 478 1705 invenerunt}
530 1649 713 1690 eandem
743 1644 878 1702 Lyen
907 1647 1355 1701 cognominaverunt,
1396 1652 1528 1704 quasi

180 1721 439 1762 solatricem
482 1719 715 1760 malorum.
801 1716 919 1758 Inde
957 1729 1030 1758 res
1055 1719 1124 1761 ,in
1164 1722 1526 1763 consuetudinem

180 1801 330 1834 tracta
359 1799 447 1838 est,
496 1798 547 1831 ut
581 1801 741 1843 greges
768 1788 1034 1829 rusticorum
1066 1788 1293 1828 theatrum
1324 1790 1527 1844 ingrede-

181 1873 347 1905 rentur
377 1870 422 1903 et
448 1860 681 1902 victoriam
694 1867 935 1900 ·canerent.
1022 1857 1217 1898 Praeter
1258 1859 1337 1901 has
1367 1874 1528 1903 narra-

180 1936 327 1976 tiones
356 1937 501 1975 exstat
533 1932 622 1972 alia
649 1928 771 1985 apud
801 1927 1069 1970 Diomedem
1098 1935 1142 1969 et
1160 1929 1381 1983 Probum,
1421 1946 1528 1974 con-

181 2012 302 2049 torta
342 2003 522 2061 quidem
565 2001 676 2054 illa,
737 1997 815 2041 sed
854 2012 968 2054 quae
1006 1999 1201 2056 vestigia
1239 2002 1341 2042 veri
1392 2008 1530 2061 tegat.

181 2079 350 2134 Aptant
380 2076 500 2116 enim
531 2069 784 2128 primordia
829 2070 1042 2110 carminis
1072 2070 1269 2111 bucolici
1300 2084 1355 2111 ex
1384 2076 1529 2115 canti..

179 2148 358 2189 unculis
397 2146 583 2187 rusticis
623 2157 646 2184 a
691 2140 950 2198 pastoribus
980 2140 1218 2182 Laconicis
1263 2140 1527 2200 decantatis,

181 2235 323 2276 quum
350 2218 580 2275 virgines,
609 2228 737 2256 sacra
775 2213 1008 2255 celebrare
1031 2220 1184 2255 suetae
1205 2218 1404 2258 tumultu
1434 2219 1528 2260 bel-

182 2294 269 2334 lico
295 2291 542 2348 fugissent,
581 2287 629 2327 in
659 2285 877 2327 honorem
901 2284 1078 2325 Dianae
1099 2283 1376 2340 Caryatidis.
1436 2288 1529 2331 Ve..

181 2377 285 2404 rum
327 2359 446 2403 illud
486 2357 699 2410 videtur,
759 2354 879 2412 quod
918 2354 1083 2396 studiis
1114 2356 1529 2400 Grammaticorum

183 2431 412 2473 deflexum
446 2435 543 2481 est,
603 2428 797 2468 Dianam
839 2426 885 2466 in
916 2425 1142 2467 montibus
1187 2433 1234 2468 et
1264 2430 1529 2485 regionibus

180 2501 501 2545 semotioribus
541 2504 694 2540 terrae
724 2497 976 2540 Laconicae
1007 2495 1141 2551 (addo
1182 2503 1229 2538 et
1257 2497 1527 2552 Messeniae)

180 2572 324 2616 Deam
372 2576 605 2629 pastorum
644 2567 826 2612 solitam
872 2581 967 2612 esse
1007 2570 1131 2612 festis
1168 2567 1324 2612 diebus
1379 2573 1529 2613 istius-
