1808 2986
1447 118 1518 174 23

164 251 335 297 Siculis
375 251 512 293 culta.
601 245 728 302 Quae
765 247 821 289 ab
858 247 945 291 hoc
986 246 1088 291 loco
1122 237 1404 290 alienissima
1430 248 1514 285 est.

162 323 296 380 Apud
333 323 415 366 Sil.
449 322 504 363 It.
544 317 683 371 XIV,
713 320 814 363 261.
854 332 997 374 quum
1033 319 1143 361 olim
1182 320 1414 376 legeretur
1450 327 1518 355 se-

163 397 241 437 des
267 394 529 439 Fascelinae
556 389 690 431 divae
714 387 960 431 Cluv’erius
992 390 1194 431 correxit
1222 389 1346 430 sedes
1374 384 1514 429 Face-

161 464 257 505 lina
287 461 485 506 Dianae.
572 459 703 514 Quod
734 473 869 515 quam
907 465 1031 502 recte
1067 462 1237 502 factum
1267 452 1369 513 sit‚⁵
1411 455 1512 499 cod.

163 533 316 578 Colon.
349 530 622 574 documento
660 537 754 586 est,
810 533 860 573 in
903 544 993 588 quo
1022 530 1233 575 Facezina
1262 536 1512 587 repertum.

160 606 267 648 Alia
310 604 487 643 flexura
523 598 792 653 Phacelina,
851 616 956 644 nam
999 604 1064 645 ita
1105 603 1394 644 scribendum
1425 607 1511 655 est,

158 673 401 718 Phacezitis
428 678 592 715 vocata
620 678 703 715 est.
783 672 913 715 Unde
942 673 1064 729 apud
1096 673 1295 715 Probum
1324 679 1393 715 est
1422 670 1513 715 Fa-

158 746 367 793 scelitim,
427 743 546 800 quod
587 749 633 785 et
662 743 809 786 Probo
849 743 1202 800 relinquendum
1242 751 1310 786 est
1347 750 1395 786 et
1438 757 1513 787 re-

159 816 294 857 licuis
340 813 658 855 Grammaticis
700 814 995 867 hominibus,
1053 813 1109 856 de
1151 816 1331 872 origine
1383 817 1512 857 vocis

158 887 296 928 falsis.
373 884 510 941 Apud
539 884 671 927 Serv.
703 886 751 925 in
781 885 893 926 Aen.
924 885 954 926 l.
985 886 1014 926 l.
1090 883 1218 927 Unde
1246 895 1292 927 et
1319 884 1514 927 Fascelis

158 959 325 1000 dicitur
354 970 492 1013 quum
524 954 775 997 dissideant
804 956 939 1010 libri,
988 955 1256 998 exhibentes
1284 954 1358 997 illi
1377 953 1514 1012 face·

158 1030 245 1075 ris,
281 1028 475 1084 saeclis,
501 1026 687 1082 facilis,
714 1027 920 1082 fascilis,
963 1023 1242 1076 Phanuelis,
1284 1026 1512 1068 tutissime

158 1101 320 1141 ibimus
347 1129 360 1152 ,
419 1100 459 1139 si
502 1099 838 1153 reposuerimus
880 1097 1148 1146 Fascelitis,
1208 1094 1344 1154 quum
1391 1096 1514 1140 idem

158 1172 289 1214 Serv.
320 1170 467 1211 altero
498 1170 598 1210 loco
628 1170 677 1209 in
708 1168 861 1210 Bucol.
893 1183 935 1223 p.
951 1172 1022 1214 95.
1085 1169 1369 1210 Fascelitidis
1398 1170 1514 1210 scri·

157 1248 284 1298 ptum
316 1240 572 1295 reliquerit.
649 1239 713 1280 Ex
743 1238 909 1294 quibus
937 1238 1147 1279 omnibus
1178 1239 1513 1281 consectarium

157 1318 250 1364 est,
308 1312 505 1353 Dianam
550 1323 678 1363 eam,
737 1323 853 1366 quae
900 1309 1219 1351 Grammaticis
1263 1310 1511 1365 Fasceliua,

155 1384 383 1424 Fascelitis
415 1387 507 1434 est,
538 1380 756 1441 Rheginis
786 1386 833 1422 et
861 1379 1030 1423 Siculis
1060 1381 1198 1421 fuisse
1221 1379 1511 1422 Phacelinam

157 1461 203 1497 et
231 1452 576 1496 Phacelitidem.

269 1524 483 1565 caussam
508 1523 785 1580 cognominis
807 1514 1106 1563 Grammatici
1138 1520 1243 1564 inde
1264 1521 1510 1579 duxerunt,

154 1594 275 1652 quod
304 1594 488 1636 Orestes
532 1595 649 1634 fasce
678 1592 912 1650 lig-norum
942 1592 1198 1635 involutam
1228 1595 1422 1654 effigiem
1454 1611 1512 1638 ex

153 1666 344 1722 Scythia
374 1665 618 1707 attulisset.
692 1665 760 1705 Ita
789 1671 842 1706 ut
869 1671 1108 1720 putarent,
1151 1665 1227 1707 ‘vel
1257 1669 1510 1726 originatio

154 1739 350 1780 nominis
392 1737 529 1789 fecit,
578 1734 656 1776 vel
696 1747 823 1776 sacra
853 1734 1006 1790 aliqua
1037 1736 1168 1776 fama.
1257 1736 1325 1777 Ex
1367 1737 1511 1778 simili

153 1807 664 1851 nominis-scrutatione
692 1804 943 1860 pullulavit
972 1804 1223 1847 Pausaniae
1254 1807 1508 1864 originatio

153 1880 387 1919 nominum
417 1873 713 1928 Λυγοδέσμας
743 1881 790 1915 et
820 1872 1009 1930 Ορθέας.
1042 1889 1044 1892 ·
1083 1875 1269 1930 Spectat
1296 1884 1509 1921 nostrum

152 1962 313 1991 nomen
351 1948 505 2004 potius
535 1945 593 1988 ad
632 1947 851 1987 festorum
883 1946 1003 1988 ritus
1033 1945 1211 1989 dierum
1242 1955 1288 1991 et
1316 1962 1509 1993 consue-

151 2021 354 2064 tudinem
384 2033 561 2061 sacram
592 2031 645 2059 ex
677 2023 843 2059 natura
873 2017 998 2059 Deae
1028 2018 1286 2060 oriundam.
1361 2021 1508 2064 Docet

151 2095 273 2136 enim
302 2089 602 2146 AvyoRs‘cp‘ag
644 2103 829 2142 nomen,
888 2089 1187 2133 simulacrum
1229 2091 1354 2132 Deae
1396 2092 1507 2134 soli-

150 2171 248 2206 tum
280 2176 374 2205 esse
406 2162 537 2220 lyg0‚
580 2162 782 2212 vimine,
822 2161 1139 2218 circumligari
1169 2163 1241 2203 vel
1272 2166 1504 2206 coronari.

151 2232 223 2274 Ad
255 2246 387 2289 quem
420 2234 563 2273 ritum
593 2229 917 2272 declarandum
937 2230 1156 2273 Creuzer.
1191 2239 1502 2278 commentatt.

119 2303 374 2348 ,Herodoh
420 2316 462 2358 p.
495 2303 598 2347 246.
655 2300 847 2343 advo-cat
891 2301 1144 2357 Dionysum
1196 2303 1504 2359 περικιόνιον;

151 2387 254 2414 nam
286 2373 480 2425 Osirim,
525 2384 714 2421 censeo,
759 2372 997 2414 mittimus.
1072 2373 1354 2431 Hippolytus
1382 2377 1505 2434 apud

150 2442 415 2498 Euripidem
444 2445 492 2484 in
515 2443 781 2500 cognomine
810 2442 964 2485 fabula
988 2458 1033 2487 v.
1055 2448 1128 2490 72.
1188 2447 1362 2490 Dianae
1391 2463 1502 2492 suae

151 2517 287 2559 offert
317 2513 535 2556 corollam
567 2512 611 2564 ἐξ
641 2509 871 2569 ἀκηράτου
903 2510 1133 2575 λειμῶνος.
1212 2519 1391 2562 Auctor
1436 2526 1504 2563 est

153 2585 413 2630 Philochor.
461 2584 584 2643 apud
627 2584 795 2631 Scholl.
850 2588 898 2630 in
940 2600 1045 2631 eum
1092 2590 1240 2632 locum
1262 2622 1275 2645 ,
1333 2589 1416 2640 τὴν
1459 2591 1504 2633 ἐν
