1808 2986
237 137 272 184 4

358 257 674 302 Chalcidenses
703 260 915 303 Euboeae
954 273 1094 317 quum
1126 259 1182 300 ob
1212 270 1426 317 agrorum
1469 256 1606 299 steri·-

243 321 422 371 litatem
445 332 596 386 inopia
619 334 769 373 victus
792 332 1167 372 conflictarentur
1188 329 1249 381 1),
1280 323 1456 368 ora'culi
1478 328 1606 380 jussu

243 402 406 441 moniti
447 401 635 453 juvenes
667 417 771 444 suos
805 402 1086 454 decumatos,
1130 402 1215 442 'uti
1255 399 1395 440 moris
1427 404 1525 439 erat
1545 399 1610 451 ²),

244 472 299 512 ad
329 473 589 529 Apollinem
621 476 848 514 miserunt
874 471 1171 526 Delphicum,
1201 485 1243 511 v.
1265 470 1413 512 Strab.
1446 468 1527 509 VI.
1558 483 1602 523 p.

239 546 347 587 258.
381 543 508 597 Cas.‚
540 543 726 585 Heracl.
768 543 896 584 Pont.
929 547 1033 595 25„
1083 543 1154 583 cll.
1194 540 1330 583 Diod.
1371 540 1601 596 Excerptt.

240 612 394 656 Vatic.
426 630 469 670 p.
505 621 574 660 11.
606 615 717 656 Mai.
806 615 970 670 Apollo
1002 614 1083 656 hos
1112 614 1347 665 homines,
1405 611 1462 653 ad
1492 624 1603 666 quos

241 699 289 726 se
331 693 695 746 aggregaverant
739 686 823 728 alii
855 686 1175 728 Chalcidenses
1207 683 1340 725 domo
1369 683 1602 738 assumpti,

240 763 397 812 postea
442 757 669 815 Rhegium
715 759 941 799 coloniam
986 757 1182 800 condere
1233 755 1378 809 jussit.
1470 751 1603 808 Quod

238 832 338 868 tum
368 826 474 869 fieri
513 829 712 882 solebat,
770 843 909 886 quum
947 841 1165 870 numerus
1202 839 1444 867 servorum
1475 825 1601 867 circa

237 897 460 951 templum
491 898 792 953 Delphicum,
852 913 966 954 quae
1007 902 1103 940 fere
1133 911 1232 938 sors
1262 895 1481 950 ejusmodi
1520 897 1600 937 ho·

237 967 383 1008 mines
414 969 602 1021 mansit,
635 970 682 1009 in
713 970 899 1010 nimiam
927 967 1282 1025 magnitudinem
1310 961 1598 1009 excrevisset.

350 1038 520 1080 Eodem
550 1046 757 1095 tempore
787 1040 986 1092 accidit,
1045 1046 1098 1081 ut
1127 1052 1232 1094 pars
1263 1037 1599 1081 Messeniorum

235 1111 389 1164 patria
419 1109 662 1152 exturbata
692 1111 880 1152 Macisti
911 1110 1184 1167 Triphyliae
1216 1115 1596 1152 commoraretur.

235 1168 329 1234 Qui
361 1193 447 1221 cur
476 1182 762 1235 exsularent,
804 1195 962 1223 caussa
994 1182 1105 1222 haec
1132 1183 1236 1223 fuit.
1306 1181 1518 1236 Namque
1547 1183 1598 1222 in

232 1250 403 1291 finibus
435 1250 629 1291 dicionis
658 1251 917 1292 Laconicae
949 1258 993 1293 et
1012 1251 1291 1305 Messeniae,
1321 1251 1598 1293 Denthelea-

233 1327 326 1362 tem
356 1334 520 1379 agrum
549 1321 801 1375 vocabant,
852 1322 1051 1364 Limnae'
1073 1324 1190 1365 sitae
1221 1325 1433 1375 fuerunt,
1455 1324 1597 1370 ‚locus

233 1390 292 1432 ob
331 1397 535 1432 sanctam
574 1391 751 1433 Dianae
791 1393 1066 1435 Limnatidis
1105 1394 1377 1452 religionem
1419 1396 1597 1459 conspi-

234 1476 361 1505 cuus.
422 1463 620 1520 Utrique
651 1464 820 1520 populo
849 1464 898 1505 id
928 1463 1095 1520 χωρίον
1123 1479 1146 1507 a
1168 1472 1395 1508 vetustate
1423 1473 1596 1523 tempo-

180 1552 185 1563 -·
232 1547 337 1574 rum
369 1547 605 1575 commune
639 1536 776 1575 fuisse
805 1542 989 1595 praeter
1015 1534 1143 1577 Paus.
1177 1535 1266 1589 IV,
1296 1538 1351 1589 4,
1376 1539 1424 1580 ’2.
1451 1540 1595 1578 'testa-

232 1610 315 1645 tur
344 1598 497 1647 Strab.
527 1604 653 1645 VIII.
685 1619 728 1659 p.
758 1607 863 1650 362.
905 1603 1056 1655 κοινὴν
1086 1605 1363 1647 συνετέλουν
1391 1605 1595 1661 πανήγυ-

231 1687 306 1731 ριν
348 1673 433 1731 καὶ.
466 1672 642 1716 θυσίαν
685 1672 958 1731 ἀμφότεροι.
1048 1676 1227 1719 Verum
1270 1683 1315 1720 et
1358 1684 1493 1721 antea
1537 1678 1595 1721 de

283 1852 324 1895 1)
371 1851 515 1894 Iniuria
552 1850 654 1887 hanc
691 1838 940 1899 expeditionis
974 1864 1144 1889 caussam
1184 1853 1341 1890 elevavit
1381 1855 1593 1893 dubitando

368 1912 549 1950 Lorentz.
577 1912 625 1949 de
651 1913 746 1960 orig.
771 1919 866 1950 vett.
893 1914 1143 1949 Tarentinor.
1177 1927 1211 1961 p.
1234 1918 1292 1953 36.

283 2003 323 2048 2)
372 1998 685 2046 ὃεκατευθὲνταες
718 2000 833 2036 Diod.
860 1999 885 2037 1.
901 2012 934 2035 c.
960 1998 999 2036 οἱ
1020 1997 1062 2036 ἐκ
1085 1997 1151 2045 τῆς
1175 1996 1332 2045 δεκάτης
1351 1998 1592 2040 οἶνατεθὲντες

370 2061 572 2099 Χαλκιδεῖς
596 2055 717 2108 ἦλθον
738 2059 962 2110 χρησάμενοι
987 2062 1079 2107 (leg.
1106 2059 1341 2108 χρησόμενοι)
1366 2067 1451 2107 περὶ
1476 2045 1590 2099 οἷποο-

367 2126 459 2161 κιάς.
520 2125 654 2170 Longe
679 2124 899 2159 accuratius
924 2123 1075 2158 Strabo.
1146 2122 1248 2156 Hinc
1272 2123 1404 2169 Apollo
1430 2120 1589 2171 ὃεκατή..

366 2196 480 2232 φορος
514 2184 616 2231 apud
649 2186 919 2231 Megarenses,
957 2184 1092 2218 Muell.
1125 2183 1238 2217 Dorr.
1268 2184 1296 2217 Ι.
1336 2194 1374 2228 Ρ.
1398 2187 1492 2228 229;
1542 2188 1588 2223 d‘e

365 2246 613 2282 Cretensibus
638 2252 679 2282 et
703 2244 999 2282 Atheniensibus
1022 2244 1092 2279 vid.
1124 2242 1215 2278 ibid.
1244 2253 1280 2289 Ρ.
1304 2244 1383 2280 242.
1438 2244 1585 2281 Eadem

366 2306 520 2341 ratione
554 2306 763 2342 auctoritas
796 2305 983 2353 Apollinis
1007 2303 1189 2352 Delphici
1224 2305 1345 2339 movit
1369 2306 1584 2353 Magnetes,

362 2366 536 2409 ejusdem
552 2366 787 2401 condicionis
812 2366 1009 2410 homines,
1033 2368 1076 2399 nt
1093 2365 1249 2399 Cretam
1265 2370 1460 2410 peterent,
1483 2365 1586 2405 unde

362 2426 404 2462 in
436 2427 564 2462 Asiam
597 2427 788 2464 minorem
821 2426 1048 2473 transgressi
1073 2424 1316 2471 Magnesiam
1352 2427 1400 2463 ad
1424 2426 1585 2464 Maean-

359 2487 473 2522 drum
511 2487 736 2531 condidere,
780 2486 915 2522 Muell.
940 2487 1063 2533 ,Dm-r.
1094 2487 1123 2521 Ι.
1159 2498 1193 2532 Ρ.
1220 2486 1300 2523 258.
1372 2487 1583 2534 Messapios

358 2546 489 2582 Italiae
515 2547 562 2581 ab
587 2547 785 2595 Messapiis
809 2547 1006 2593 Locridis,
1034 2547 1152 2582 Thuc.
1178 2547 1251 2591 111,
1278 2547 1366 2590 101,
1401 2542 1581 2585 oriundos

358 2617 508 2641 sacram
533 2605 708 2654 Delphici
740 2607 876 2654 templi
903 2607 1093 2642 coloniam
1117 2606 1233 2641 fuisse
1257 2613 1446 2643 monstrat
1479 2621 1516 2647 v.
1540 2609 1577 2645 ἅ.

357 2667 400 2703 in
426 2668 563 2703 Museo
588 2667 770 2716 Philolog.
794 2669 968 2705 Britann.
995 2670 1107 2715 1831,
1142 2669 1169 2703 Ι.
1201 2679 1240 2715 Ρ.
1266 2668 1347 2703 142.
