1808 2986
288 114 355 165 18

287 234 473 284 πολλὰς
512 233 677 296 πόᾉεις
717 233 964 275 οἰκίσασαν
994 259 1051 289 ’‘z·
1091 231 1358 285 κατέσκαψε
1398 231 1653 281 Διονύσιος,

286 310 351 350 Ex
383 308 575 364 quibus,
606 305 729 363 quod
758 308 920 359 sciam,
966 319 1022 346 ne
1055 319 1147 346 una
1177 304 1361 362 quidem
1392 302 1543 344 adhuc
1572 317 1653 345 ve-

287 381 469 427 tustatis
515 380 607 420 situ
649 378 848 420 liberata
896 384 942 420 et
997 379 1046 418 in
1091 379 1236 432 yitam
1281 379 1497 420 revocata
1542 380 1651 415 erat.

277 448 462 505 Quibus
504 451 678 493 colonis
718 451 947 492 antistites
990 463 1229 491 sacrorum
1261 447 1479 506 Rhegini‚
1539 459 1653 502 quos

285 521 547 565 Messenios
605 524 746 564 fuisse
794 520 1075 564 declaratum
1121 521 1323 573 ivimus,
1394 517 1652 572 adjunxisse

284 592 480 649 putandi
508 599 647 645 sunt,
678 593 760 649 qui
790 606 1029 634 sacrorum
1059 592 1320 647 patriorum
1352 589 1473 630 ritus
1502 593 1549 628 et
1578 600 1653 628 re-

284 663 482 721 ligiones
526 664 857 706 instaurarent.
948 660 1184 716 Conjicere
1230 660 1365 713 licet,
1423 659 1652 719 Rheginos

240 772 245 774 ,
284 734 475 774 navibus
515 733 693 775 validos
738 739 785 775 et
839 739 1102 775 mercatura
1151 734 1367 774 florentes
1410 733 1650 773 stationem

284 806 477 848 navium
518 806 609 847 isto
648 807 697 847 in
741 805 881 848 litore
920 804 1198 857 condidisse,
1257 802 1404 855 donec
1442 800 1652 845 deductis

285 877 459 918 colonis
491 876 647 933 oppidi
679 879 862 919 moenia
892 882 1148 934 surgerent.
1180 899 1238 908 —

400 958 624 1014 Quoniam
668 967 822 1003 autem
865 960 1125 1017 Apollinem
1175 972 1278 1002 cum
1323 960 1472 1002 Diana
1529 958 1649 1014 apud

282 1030 510 1086 Rheginos
553 1030 785 1072 artissimo
828 1030 1012 1072 vinculo
1059 1044 1224 1071 nexum
1264 1030 1651 1086 deprehendimus

281 1103 330 1141 in
361 1112 520 1141 caussa
553 1099 767 1152 Orestea,
809 1102 938 1141 nefas
968 1099 1180 1153 videtur,
1209 1114 1417 1142 sororem
1445 1113 1474 1142 a
1505 1102 1650 1143 fratre

282 1172 485 1213 avulsam
507 1184 868 1213 commemorare
894 1185 1057 1224 unam,
1090 1171 1273 1213 silentio
1298 1170 1516 1212 mandare
1534 1183 1650 1226 quae

280 1242 394 1282 satis
424 1243 566 1281 multa
595 1254 680 1282 nec
711 1241 960 1294 injucunda
990 1243 1175 1300 cognitu
1204 1240 1261 1283 de
1287 1242 1509 1298 Apollinis
1541 1241 1648 1283 reli-

278 1313 415 1369 gione
456 1309 578 1366 apud
608 1310 839 1368 Rheginos
885 1304 1252 1354 transmiserunt*
1279 1319 1648 1357 veteres‘aucto-

278 1396 366 1424 res.
430 1381 559 1436 Quae
590 1381 802 1422 breviter
830 1383 1143 1439 perstringere
1174 1382 1363 1438 placuit.

396 1465 526 1508 Stato
572 1470 781 1520 tempore
821 1465 1072 1522 leg-ationes
1115 1477 1269 1507 sacras
1307 1465 1503 1524 Rhegini
1540 1467 1646 1509 Del-

277 1536 391 1594 phos
439 1537 628 1578 mittere
671 1535 832 1588 soliti,
890 1536 963 1584 uti
1005 1534 1122 1576 aliae
1168 1532 1390 1577 coloniae?
1420 1538 1646 1578 fecerunt.

278 1612 421 1652 Varr.
454 1622 509 1663 ap
539 1607 674 1648 Prob.
759 1606 932 1660 „cujus
976 1607 1063 1660 (sc.
1112 1608 1273 1662 templi
1315 1608 1542 1663 Apollinis
1585 1610 1643 1650 ab

279 1679 442 1721 Oreste
475 1677 715 1729 exstructi)
747 1677 848 1719 loco
873 1677 1104 1734 Rheginos
1141 1691 1281 1733 quum
1301 1678 1505 1733 Delphos
1536 1692 1642 1734 pro-

205 1758 210 1761 '
275 1750 624 1802 ficiscerentur,
681 1760 733 1789 re
764 1748 923 1790 divina
952 1750 1097 1802 facta,
1156 1750 1361 1790 lauream
1390 1748 1642 1806 decerpere

275 1822 435 1864 solitos
456 1821 520 1873 ⁹),
566 1833 703 1875 qnam
732 1822 911 1861 ferrent
940 1818 1145 1861 secum.“
1205 1818 1295 1861 Pro
1325 1820 1640 1862 loco‘emenda

274 1895 389 1936 luco.
465 1890 518 1933 In
550 1890 635 1932 tali
666 1891 893 1949 legatione
925 1890 1145 1933 accidisse
1175 1891 1365 1934 videtur
1394 1891 1470 1947 id,
1516 1893 1639 1951 quod

276 1978 333 2005 ex
360 1963 555 2005 Timaeo
599 1963 809 2003 referunt
838 1960 1003 2003 Strabo
1033 1962 1064 2002 l.
1097 1977 1135 2004 c.
1178 1969 1225 2004 et
1264 1965 1420 2020 Antig.
1454 1964 1632 2019 Caryst-

272 2033 379 2076 hist.
411 2033 516 2073 mir.
548 2030 583 2073 Ι.
616 2036 662 2073 et
691 2045 802 2088 quos
834 2032 900 2074 ibi
931 2031 1135 2075 laudavit
1154 2032 1400 2075 Niclasius.
1461 2035 1633 2076 Aristo-

272 2118 377 2146 nem
416 2103 541 2143 enim
570 2101 824 2160 Rheginum
865 2109 910 2144 et
939 2104 1191 2144 Eunomum
1223 2104 1497 2146 Locrensem
1528 2106 1632 2161 Epi-

272 2174 545 2229 zephyrium
578 2171 865 2215 citharoedos
895 2175 1072 2215 venisse
1097 2172 1321 2229 Delphos,
1359 2175 1437 2216 ubi
1470 2190 1524 2216 ex
1556 2190 1630 2217 an·
1697 2200 1699 2202 -

271 2244 402 2298 tiquo
432 2241 539 2284 inde
574 2248 784 2298 tempore
814 2245 1064 2285 certamina
1092 2246 1262 2286 musica
1293 2238 1649 2290 committeban-'

270 2321 390 2369 tur„
420 2328 463 2356 v.
486 2315 605 2356 Plut.
628 2319 819 2371 quaestt.
853 2328 995 2369 symp.
1029 2312 1087 2369 ΙΙ,
1116 2316 1161 2369 4,
1192 2318 1233 2361 1.
1295 2314 1467 2370 Quibus
1489 2332 1629 2374 quum

323 2516 364 2560 9)
409 2515 600 2551 Notabilis
632 2521 848 2553 structurae
880 2516 1063 2555 variatio:
1109 2520 1276 2565 „dicitur
1307 2531 1498 2569 purgatus
1529 2524 1625 2560 Ore-

407 2584 506 2629 stes,
553 2578 682 2624 ibique
707 2577 778 2614 diu
797 2576 929 2625 fuisse
955 2590 1105 2626 ensem,
1131 2599 1176 2609 -—
1221 2581 1421 2630 Rheginos
1447 2584 1623 2622 solitos.“
