1808 2986
309 114 380 169 22

315 237 636 282 Grammatici‘
657 240 888 298 explicant
926 237 1157 296 δεδεμένον
1186 235 1415 300 ‹pupi-loy,
1455 251 1501 282 v.
1532 236 1673 298 ΜΨ-

315 309 442 350 cker.
472 308 874 353 Anton.·Liberal.
904 313 1006 355 27„
1073 311 1223 366 Quum
1267 315 1424 352 autem
1464 307 1674 350 Phaceli-

314 391 428 431 nae,
488 380 787 424 Phacelitidis
832 395 1014 423 nomen·
1040 382 1087 422 in
1129 395 1219 423 una
1258 379 1394 422 Italia
1434 383 1479 421 ct
1508 377 1675 421 Sicilia

314 458 585 506 usurpatum
618 453 879 505 videamus,
939 457 1099 507 sponte
1137 452 1432 493 subnascitur
1460 448 1674 503 suspicio,

315 532 466 564 annon
496 521 707 567 Siculum
739 522 859 565 illud
889 521 1162 565 vocabulum
1194 524 1266 564 sit.
1338 521 1502 578 Neque·
1529 518 1676 562 obstat

317 591 430 634 huic
485 596 770 647 sententiae,
818 594 952 651 ‘quod
997 594 1158 650 optimi
1202 595 1373 654 quique
1427 594 1675 648 scriptores

315 661 506 719 posthac
536 676 589 704 eo
630 670 853 719 utuntur,
906 672 960 707 ut
983 664 1166 707 Herod.
1196 664 1289 718 IV,
1319 667 1394 709 62.
1437 661 1678 721 φρυγάνων

317 730 537 785 φάκελοι,
568 748 613 775 v.
637 733 888 787 Valcken.;
933 736 1079 778 Thuc.
1112 735 1171 789 11,
1199 738 1272 780 77.
1303 730 1415 781 ’ὅλης
1434 731 1674 786 φακέλλοι.
1737 783 1738 786 ¹

318 801 655 846 Grammaticos
687 806 876 848 Latinos
908 820 933 847 a
964 807 1174 862 fascibus
1209 806 1436 862 originem
1466 811 1677 860 repeten-

248 878 251 883 ’
315 877 385 913 tes
425 874 551 914 vocis
593 875 731 915 torsit
771 876 966 917 maxime
1007 875 1137 917 locus
1172 876 1343 916 Lucilii
1380 880 1568 931 poetae,
1627 875 1678 915 in

318 955 408 997 quo
437 945 586 998 prima
617 951 827 1000 corre-pta
860 960 973 1002 opus
1004 952 1084 988 est.
1166 946 1210 987 Is
1242 947 1390 1004 igitur
1420 947 1465 987 in
1499 945 1568 987 111
1595 944 1679 988 Sa·-

317 1019 464 1055 turar.
506 1028 577 1070 ap.
620 1016 753 1058 Prob.
796 1023 844 1060 et
882 1017 1036 1074 Pomp.
1078 1017 1181 1061 Sab.
1213 1018 1327 1060 Aen.
1356 1016 1429 1070 ΙΙ,
1462 1018 1564 1063 116.
1608 1017 1680 1058 ita

317 1084 555 1143 loquitur:

794 1162 851 1204 Et
880 1175 1012 1217 saepe
1042 1162 1162 1219 quod
1193 1165 1301 1204 ante

437 1228 642 1284 Optasti,
691 1233 812 1273 freta
843 1232 1080 1292 Messanae
1112 1239 1157 1275 ct
1185 1233 1391 1291 Rhegina
1416 1228 1600 1275 ‘videbis

436 1299 650 1355 Moenia,
686 1308 779 1344 tum
801 1297 997 1358 Liparas
1018 1304 1276 1345 Fascelinae
1307 1303 1475 1359 templa
1495 1304 1680 1345 Dianae.

319 1370 523 1425 Apponit
546 1372 843 1427 Pomponius:
907 1373 1166 1416 Vel-extrito
1195 1385 1217 1414 s
1236 1374 1565 1427 pronunciavit,
1593 1374 1680 1426 vel,

325 1451 376 1480 ut
407 1443 489 1482 alii
519 1444 702 1492 volunt,
744 1441 955 1485 Facelitis
985 1459 1013 1485 a
1030 1444 1219 1501 facibus
1248 1446 1376 1485 dicta.
1425 1444 1680 1493 ,Muncken

320 1511 352 1553 l.
374 1526 412 1554 c.
446 1515 511 1555 ita
543 1513 716 1555 labanti
738 1517 894 1555 versu-i
909 1516 1183 1567 succurrit,
1212 1520 1267 1556 ut
1287 1514 1493 1557 Facelitis
1513 1517 1681 1558 rescri-

321 1583 426 1636 bat;
484 1584 695 1638 Heynius
733 1584 985 1627 adDonat.
1030 1601 1073 1642 p.
1106 1585 1249 1628 XCII.
1331 1583 1570 1628 Facelinae
1600 1586 1682 1639 (et)

321 1658 514 1708 templa,
546 1656 636 1697 alia
668 1662 904 1698 tentarunt
932 1656 1027 1696 alii.
1088 1656 1194 1698 Non
1221 1661 1295 1697 est
1325 1655 1539 1708 dubium,
1571 1657 1681 1712 quin

321 1728 552 1768 sincerum
583 1720 667 1781 sit‘,
727 1727 849 1785 quod
890 1729 1062 1785 legitur
1091 1727 1208 1783 aqud
1238 1728 1454 1782 Pompon.
1543 1723 1683 1778 Lipa-

320 1813 424 1840 ram
457 1808 501 1839 et
531 1797 767 1839 Facelinae
797 1808 827 1838 t.
860 1796 923 1840 D.
1004 1797 1221 1852 Liparam
1252 1799 1373 1839 enim
1415 1799 1513 1839 fere
1542 1811 1682 1839 unam

324 1881 378 1907 ex
425 1869 587 1908 insulis
631 1868 726 1909 illis
766 1868 940 1909 Aeoliis
983 1874 1276 1924 nuncupant,
1333 1871 1486 1910 rarius
1528 1879 1681 1910 omnes

323 1928 522 1994 Lipar'ae
552 1945 767 1989 vocatae,
800 1954 843 1981 v.
876 1939 1074 1993 Dorvill.
1107 1938 1199 1981 Sic.
1231 1939 1266 1981 I.
1310 1954 1351 1996 p.
1383 1945 1454 1984 20.
1515 1938 1584 1981 Ad
1616 1943 1682 1981 fa-

325 2025 398 2054 ces
429 2014 734 2068 confugerunt
768 2011 1063 2052 Grammatici
1101 2010 1378 2064 syllabarum
1410 2010 1682 2052 modulatio-

323 2097 428 2124 nem
460 2080 748 2137 expeditur-iz
796 2080 1079 2124 cordatiores
1109 2081 1377 2137 quiessent,
1410 2084 1579 2124 merito
1608 2096 1682 2125 re-

323 2154 609 2210 pudiarunt,
672 2154 802 2198 Serv.
846 2153 961 2194 Aen.
1006 2151 1081 2207 II,
1125 2155 1225 2197 116.
1271 2158 1318 2192 et
1360 2153 1533 2211 Hygin.
1579 2158 1680 2199 261.

325 2240 445 2277 „non
485 2234 663 2264 tantum
694 2239 723 2265 a
746 2225 881 2281 face,
940 2237 1042 2264 cum
1082 2237 1171 2279 qua
1209 2223 1442 2276 pingitur,
1500 2235 1684 2280 propter·

326 2297 445 2350 quod
482 2307 526 2336 et
556 2293 781 2351 Lucifera
819 2292 1031 2337 dicitur.“
1117 2294 1156 2336 A
1195 2297 1293 2336 face
1337 2302 1486 2337 tamen
1519 2310 1682 2343 nomen

327 2366 560 2409 derivavit
601 2366 787 2408 Cluver.
820 2366 911 2410 Sic.
954 2371 1046 2407 ant.
1092 2380 1135 2421 p.
1166 2369 1300 2419 306„
1357 2368 1436 2422 qui
1481 2364 1684 2420 φάκελος

325 2445 621 2494 nostrumque
651 2438 807 2492 faclfel
843 2451 934 2479 non
966 2437 1148 2478 diversa
1178 2438 1396 2478 vocabula
1436 2436 1564 2478 ratus
1597 2440 1678 2476 est.

327 2510 585 2564 Per-peram.
676 2510 941 2566 Quanquam
986 2510 1096 2550 satis
1127 2515 1303 2551 constat
1345 2509 1401 2551 dc
1433 2509 1578 2557 Diana
1613 2519 1681 2544 σε..

326 2578 567 2638 λαςφόρῳ,
610 2574 861 2638 φωςῴόρῳ,
914 2586 962 2623 et
990 2580 1103 2623 alias
1134 2586 1180 2624 et
1222 2582 1268 2624 in
1299 2581 1458 2625 multis
1487 2577 1682 2622 urbibus
