1808 2986
1447 172 1514 223 17

160 293 264 342 rum
295 281 622 358 confingendis
647 296 778 338 et'in
810 297 1101 354 antiquitatis
1132 300 1521 360 longinquitatem

158 369 461 414 removendis.
530 365 628 412 Sed
651 368 791 409 alium
821 372 1011 429 praeter
1039 370 1354 424 Tyndaridem
1386 365 1526 412 noviss‘

156 456 257 484 mus
287 443 454 493 locum,
485 451 576 495 quo
603 437 815 481 Orestem
844 440 1103 497 confugisse
1131 442 1355 485 ferebant.
1407 440 1517 483 Vib.

156 515 258 574 Seq.
291 512 346 555 de
376 512 483 553 fluv.
514 522 559 565 p.
581 511 649 555 16.
670 504 825 551 Oberl.
860 506 1160 563 „Phacelinus
1179 510 1357 555 Siciliae
1378 513 1519 568 juxta

158 582 438 633 Peloridem,
474 581 663 637 confinis
692 580 858 634 templo
889 577 1127 625 Dianae.“
1186 581 1317 640 Quod
1346 587 1517 627 fiumen

157 652 292 694 hodie
323 651 726 692 Nuoiti-vocatum
758 654 921 692 nomen
954 665 981 693 a
1007 651 1186 695 Dianae
1216 661 1517 712 cognomento

155 723 336 765 ascivit.
427 720 659 778 Oppidum
700 721 825 776 juxta
855 722 1024 763 fiumen
1066 724 1114 764 in
1154 723 1292 770 litore
1324 730 1516 766 exstru-

156 800 283 836 ctum
313 805 339 833 a
384 797 540 833 sancta
570 791 745 833 Dianae
783 804 892 833 suae
933 792 1162 850 religione
1208 802 1517 851 nuncupatum

153 865 453 908 Artemisium
483 863 597 916 fuit,
626 862 818 918 Appian.
849 861 953 904 bell.
985 863 1074 905 civ.
1109 862 1176 917 V,
1207 867 1291 919 44,
1322 867 1403 922 qui
1432 882 1514 908 πο.

153 934 315 992 λίχνην
337 933 636 990 βραχυτάτην
652 937 803 975 vocat.
863 932 966 974 Non
988 934 1121 975 nimis
1152 940 1299 977 tamen
1333 942 1515 979 tenuem

153 1008 301 1049 locum
330 1005 493 1058 fuisse,
539 1001 647 1045 inde
676 1001 899 1057 efficitur,
943 1002 1068 1060 quod
1096 1004 1216 1048 bello
1246 1006 1418 1050 Punico
1448 1009 1516 1050 al-

152 1083 254 1118 tero
295 1075 422 1116 mille
463 1075 662 1115 militum
701 1085 885 1114 manum
926 1078 1238 1130 comparavit,
1298 1078 1378 1120 Sil.
1410 1080 1512 1121 Ital.

151 1146 290 1201 XIV,
319 1149 424 1193 261.
511 1143 663 1188 Situm
693 1148 847 1187 autem
887 1144 1106 1201 oppidum
1146 1147 1235 1188 fuit
1261 1146 1414 1203 Mylas
1443 1151 1514 1191 in-

151 1225 227 1261 ter
256 1225 302 1261 et
331 1215 651 1269 Naulochum,
699 1214 884 1257 Cluver.
916 1214 1006 1258 Sic.
1038 1218 1181 1272 antiq.
1211 1231 1255 1272 p.
1285 1223 1391 1264 306.

267 1289 383 1345 Quis
423 1286 665 1331 Artemisii
709 1284 922 1328 conditor
965 1289 1198 1330 exstiterit
1221 1318 1235 1342 ‚
1295 1298 1515 1346 quantum

152 1362 375 1418 cognovi,
435 1359 607 1402 diserte
636 1357 858 1400 traditum
887 1372 977 1400 non
1007 1365 1086 1400 est.
1169 1360 1285 1414 Sed,
1335 1365 1374 1403 si
1403 1365 1515 1419 quid

150 1431 313 1477 video.
360 1432 460 1488 ipsa
490 1430 603 1472 haec
630 1428 893 1472 fabularum
922 1430 1163 1473 involucra
1192 1432 1419 1490 originem
1448 1436 1515 1476 ci-

148 1504 309 1547 vitatis
350 1502 605 1545 certissime
638 1507 909 1558 coarguunt.
993 1500 1118 1543 Mihi
1158 1504 1280 1546 enim
1324 1518 1513 1561 persua-

149 1588 250 1618 sum
279 1580 371 1628 est,
400 1574 465 1615 ita
495 1569 783 1614 sentiendum
804 1584 926 1625 esse,
956 1578 1009 1614 ut
1027 1571 1203 1615 Dianae
1231 1573 1513 1633 religionem

149 1658 177 1687 a
206 1649 350 1687 matre
382 1643 587 1701 Rhegina
616 1655 670 1684 eo
700 1643 1017 1700 commigrasse
1045 1649 1316 1687 statuamus.
1390 1647 1513 1690 Nam

150 1714 411 1756 communio
449 1715 600 1764 cultus
631 1712 837 1755 Deorum
872 1712 1045 1770 ubique
1082 1715 1400 1760 firmissimum
1432 1718 1511 1759 do-

150 1791 416 1828 cumentum
448 1784 745 1842 cognationis.
835 1782 982 1838 Quid,
1044 1784 1162 1840 quod
1200 1786 1273 1827 illi
1304 1785 1511 1830 homines

149 1870 203 1901 eo
232 1856 469 1916 progressi
498 1861 628 1910 sunt,
668 1860 721 1898 ut
750 1868 809 1897 ne
839 1856 1159 1900 lustrationem
1188 1855 1374 1915 quidem
1403 1873 1431 1901 a
1460 1872 1510 1902 se

148 1929 346 1972 alienam
386 1928 658 1970 censerent?
747 1924 885 1980 Cujus
929 1928 1000 1969 rei
1040 1927 1176 1970 fidem
1220 1929 1334 1970 facit
1375 1929 1508 1972 Serv.

147 2002 293 2056 praef.
327 1997 499 2057 Vix-gil.
531 1996 686 2039 Bucol.
726 2010 770 2053 p.
803 2000 877 2043 95.
896 2028 910 2050 ‚
970 1998 1050 2053 qui
1080 1995 1244 2055 Rhegii
1270 1998 1511 2042 immemor

150 2072 358 2112 Orestem
396 2073 669 2124 tempestate
710 2068 766 2109 ad
796 2065 1007 2108 Siciliam
1050 2067 1251 2109 delatum
1283 2070 1510 2125 completo

148 2155 267 2184 anno
298 2142 474 2196 Dianae
505 2142 670 2183 festum
700 2137 956 2181 celebrasse
987 2137 1146 2180 tradit.
1224 2139 1353 2194 Quod
1386 2155 1510 2184 com-

147 2213 294 2269 plesse
316 2225 485 2255 annum
507 2209 625 2253 dicit
642 2210 864 2261 Orestem,
894 2208 1117 2267 intelligit
1146 2206 1356 2251 ἐνιαυτὸν
1371 2210 1510 2268 Apol..

149 2282 414 2325 lineum·in
455 2278 706 2340 purgandis
737 2278 981 2323 homicidis
1010 2279 1261 2323 solennem.
1346 2281 1510 2341 Neque

147 2360 300 2397 tamen
337 2352 446 2394 hinc
476 2352 734 2410 colligitur,
761 2349 994 2406 Apollinis
1021 2352 1198 2394 cultum
1227 2365 1331 2395 cum
1356 2353 1508 2398 Diana

149 2437 204 2467 eo
233 2427 534 2479 propagatum
563 2435 674 2464 esse.
763 2420 891 2462 Haec
933 2421 972 2462 si
1002 2434 1113 2463 vere
1144 2427 1192 2463 et
1222 2422 1386 2466 ordine
1416 2423 1507 2466 dis-

148 2499 311 2551 putata
347 2498 479 2548 sunt,
538 2496 665 2535 certe
708 2504 847 2534 unam
886 2488 1112 2533 coloniam
1156 2490 1324 2535 lucrati
1354 2508 1507 2538 sumus

149 2579 205 2606 ex
235 2575 429 2606 numero
459 2570 649 2615 earum·,
678 2574 791 2617 quas
820 2559 985 2611 multas
1016 2559 1240 2619 Rhegium
1270 2562 1506 2608 deduxisse

149 2636 316 2678 fertur.
413 2632 578 2677 Strabo
627 2631 659 2673 l.
698 2645 736 2674 c.
789 2629 991 2686 ἐπιφανῆ
1038 2628 1181 2673 πόλιν
1228 2630 1379 2676 οὖσαν
1427 2633 1505 2674 καὶ

1194 2719 1225 2762 2
