1808 2986
278 108 358 160 ‘26

282 222 396 273 'sunt
422 231 485 274 ad
511 229 696 274 Italiam
727 240 774 275 et
793 227 1132 276 collocaverunt
1169 235 1216 275 in
1245 245 1421 276 nemore
1452 230 1643 277 Aricino

285 303 609 346 simulachrum
646 311 693 346 et
730 313 1110 346 consecraverunt
1138 298 1328 348 nemus(
1377 301 1498 348 ‘Post
1532 305 1642 348 haec

284 373 422 417 Italis
463 375 636 417 immite
674 388 838 416 numen
876 377 1022 415 visum
1052 384 1119 416 est
1146 385 1190 417 et
1218 389 1451 429 asperum,
1512 376 1642 415 mise-

285 454 484 499 runtque
512 446 573 487 ad
601 446 817 488 orientem
857 444 1206 498 simulachrum,
1265 446 1383 501 quod
1412 440 1640 485 Lacedae-

282 518 423 560 monii
449 526 762 571 susceperunt,
807 526 854 559 et
881 530 936 558 ne
964 525 1048 558 aut
1076 517 1414 565 crudelitatem,
1459 523 1541 555 aut
1568 526 1638 555 sa-

283 587 518 642 crilegium
535 587 779 644 facerent,
831 595 1091 627 statuerunt
1120 587 1190 636 hi,
1250 595 1301 627 ut
1323 586 1501 642 juvenis
1531 596 1639 625 aras

283 661 541 702 ascenderet
576 667 620 700 et
657 658 1043 711 superimponeret
1071 669 1234 699 manus
1263 666 1308 699 et
1351 657 1529 698 tamdiu
1572 656 1637 697 lo-

282 732 349 772 ris
377 732 640 772 caederetur
668 730 728 770 ab
757 730 845 770 alio
875 728 1062 784 juvene,
1126 729 1343 784 quamdiu
1371 729 1556 782 sanguis
1583 727 1638 768 de

278 801 497 843 vibicibus
526 801 575 841 in
603 814 733 841 aram
764 809 975 842 manaret
1002 810 1045 841 et
1073 795 1355 856 satisfaceret
1381 800 1601 839 numini.⁴‘

394 869 543 913 Pauca
575 883 733 912 eorum
773 871 998 923 omnium,
1057 882 1172 926 quae
1215 870 1271 912 ab
1311 870 1635 926 asperitatibus

280 948 539 997 temporum
569 941 700 982 nobis
728 953 936 981 concessa
967 940 1265 997 disputationi
1312 941 1420 981 huic
1449 942 1634 995 profue-

279 1020 414 1065 runt,
455 1012 726 1055 haberemus
756 1013 963 1070 cognita,
1003 1013 1093 1052 nisi
1121 1011 1370 1067 placuisset
1395 1010 1633 1052 Gramma-

273 1085 386 1126 ticis
416 1081 474 1123 ad
505 1082 641 1136 hujus
672 1082 797 1123 Deae
827 1094 954 1123 sacra
984 1084 1161 1123 referre
1193 1083 1391 1141 origines
1419 1083 1634 1123 carminis

274 1154 490 1198 bucolici.
580 1154 819 1209 Postquam
855 1149 1006 1194 autein
1038 1146 1254 1195 Oresteae
1285 1153 1462 1194 fabulae
1502 1152 1632 1194 indo-

276 1226 365 1267 lem
396 1225 662 1279 Dianaeque
694 1225 817 1265 illius
859 1230 1067 1265 naturam
1094 1237 1153 1265 ex
1196 1225 1458 1280 mythorum
1499 1226 1631 1267 invo-

274 1299 419 1341 lucris
449 1296 802 1354 explicavimus,
833 1295 1092 1349 videamus,
1123 1292 1233 1337 num
1264 1298 1383 1337 forte
1413 1288 1630 1338 inde'de-

273 1369 432 1411 rivare
461 1367 625 1419 liceat,
686 1378 801 1422 quae
835 1365 1134 1407 multifariam
1175 1367 1392 1408 obscuras
1420 1373 1629 1409 veterum

272 1440 584 1495 narrationes
608 1438 735 1478 circa
786 1435 902 1477 hanc
947 1449 1044 1477 rem
1094 1435 1341 1477 illustrent.
1439 1436 1628 1479 Creduli

271 1512 480 1565 profecto
512 1513 603 1560 est,
636 1512 809 1547 temere
840 1506 951 1546 talia
980 1505 1195 1561 amplecti
1225 1508 1404 1559 omnia3
1442 1510 1626 1565 turpius

270 1580 353 1621 ille
382 1583 571 1636 peccat,
630 1578 710 1632 qui
741 1574 967 1630 ejusmodi
995 1576 1184 1619 fabellas
1214 1578 1509 1621 fundamento
1554 1580 1627 1621 hi-

270 1652 444 1694 storico
485 1648 747 1691 destitutas·'
774 1652 902 1688 ratus
931 1652 1149 1703 tanquam
1178 1656 1432 1691 commenta
1472 1651 1518 1691 in
1550 1663 1625 1692 ce-

268 1721 445 1764 rebello
475 1722 671 1761 istorum
713 1717 950 1759 hominum
979 1725 1088 1759 nata
1116 1721 1310 1775 superbe
1341 1721 1524 1764 damnat
1555 1729 1624 1764 at-

268 1805 355 1849 que
385 1792 555 1846 rejicit.
643 1788 850 1830 Primum
890 1801 947 1830 ex
976 1790 1315 1832 narrationibus
1346 1790 1623 1833 Grammati-

268 1876 459 1915 corum,
501 1874 615 1917 quae
646 1860 737 1901 huc
765 1866 1001 1916 spectant,
1048 1861 1376 1919 intelligimus,
1423 1863 1622 1917 primor-

265 1934 343 1976 dia
371 1931 572 1975 bucolici
617 1931 834 1972 carminis
874 1932 1045 1971 referri
1076 1930 1134 1971 ad
1174 1945 1248 1973 eas
1287 1932 1451 1983 urbes,
1495 1946 1621 1986 >quas

264 2004 505 2046 Messeniis
545 2001 770 2042 habitatas
811 2013 939 2042 sacra
970 2000 1144 2043 Dianae
1174 2002 1440 2044 Phacelinae
1479 2001 1621 2044 habu-

263 2073 352 2115 isse
382 2071 643 2123 docuimus,
683 2068 1021 2124 Tyndaridem,
1059 2070 1389 2125 Artemisium,
1430 2071 1476 2113 ἐν
1508 2074 1620 2115 Τυν-

264 2141 415 2196 δαρίδι
454 2143 537 2191 τῆς
577 2138 789 2189 Σικελίας
834 2142 1021 2197 πρῶτον
1065 2139 1268 2196 ᾴσὸῆναι(
1316 2141 1507 2196 λέγουσι
1555 2142 1620 2185 τὰ

262 2211 536 2268 βουκολικά,
577 2211 729 2254 Schol.
761 2210 963 2253 Theocr.
1024 2210 1170 2253 Iidem
1202 2218 1352 2254 tamen
1383 2213 1617 2256 Gramma-

260 2288 346 2330 tici
375 2286 573 2328 aliorum
604 2285 815 2325 referunt
843 2283 1140 2337 sententiam,
1171 2284 1249 2339 qui
1279 2282 1478 2326 fabulam
1502 2285 1616 2327 Ore·-

259 2361 345 2403 stis
374 2356 692 2400 incredibilem
715 2355 828 2408 rati,
858 2355 1048 2409 opinor,
1080 2354 1319 2410 Syracusis
1340 2363 1493 2400 ortum
1524 2364 1617 2399 tra-

257 2432 377 2472 xisse
408 2440 592 2470 carmen
622 2425 883 2468 bucolicum
912 2425 1184 2480 voluerunt,
1225 2427 1281 2468 ob
1312 2415 1616 2471 Theocritum

257 2506 372 2560 puta
414 2499 782 2556 Syracusanum,
842 2498 949 2553 qui,
1007 2499 1047 2539 si
1088 2511 1178 2541 non
1223 2500 1399 2555 primus
1442 2498 1500 2542 ad
1541 2512 1614 2540 ar-

256 2575 319 2617 tis
351 2575 597 2630 praecepta
627 2568 678 2613 id
708 2582 852 2628 genus
882 2571 1132 2613 cantilenas
1161 2572 1424 2623 revocavit,
1465 2571 1608 2610 maxi-
