1808 2986
304 154 374 203 20

309 282 455 333 neque
491 276 748 334 Apollinem
797 280 943 334 neque
982 275 1174 321 Dianam
1220 274 1403 331 cultos,
1463 279 1519 321 ad
1559 267 1669 337 quos

307 349 649 403 antiquioribus
682 349 967 406 temporibus
998 364 1112 392 unos
1142 351 1373 407 spectabat
1403 364 1576 406 paean5
1624 354 1666 394 ν’.

305 418 455 459 Procl.
490 416 742 461 Chrestom.
775 415 817 475 pl
851 424 953 465 523.
996 418 1020 471 ὁ
1052 420 1201 462 παιὰν
1228 420 1286 462 τὸ
1315 419 1520 462 παλαιὸν
1550 420 1669 472 ἰδίως

307 487 561 545 ἀπενέμετο
596 493 663 545 τῷ
690 489 943 532 Απόλλωνα.
974 492 1051 533 καὶ
1080 495 1142 549 τῇ
1171 493 1391 552 Αρτέμιδι
1421 493 1498 534 ἐπὶ
1528 507 1669 535 κατακ

304 559 479 602 παύσει
522 563 694 617 λοιμῶν
722 561 800 607 καὶ
841 561 984 605 νόσων
1016 563 1246 621 ᾀδόμενος.
1334 566 1489 623 Quare
1528 579 1666 621 quum

304 634 352 673 in
399 635 489 676 isto
530 634 686 676 Italiae
732 635 971 677 inferioris
1019 636 1171 678 tractu
1209 637 1401 696 Rhegini
1439 636 1666 692 Apollinis

302 707 472 763 religio
513 706 796 747 sanctissime
845 706 1055 747 obiretur
1106 713 1154 748 et
1193 707 1390 764 Rhegini
1433 721 1535 747 cum
1577 708 1665 748 Lo-

302 777 539 817 crensibus
571 775 729 818 eodem
758 778 1015 818 infortunio
1048 777 1273 818 laborasse
1306 775 1549 830 dicantur,
1601 779 1664 818 fa-

302 848 389 889 cile
420 845 647 900 adducor,
686 852 740 887 ut
771 847 980 888 omnibus
1010 847 1102 888 illis
1131 846 1304 902 poe-tis,
1336 850 1413 903 qui
1442 862 1663 904 paeanum

300 923 516 959 auctores
547 918 848 969 exstiterunt,
885 918 1143 973 Apollinem
1173 918 1431 977 Rheginum
1461 933 1562 961 cum
1593 936 1662 962 so-

299 1001 427 1049 rore·
455 986 742 1031 celebratum
788 1002 1010 1031 censeam.
1101 991 1248 1046 Quam
1298 994 1568 1035 sententiam
1612 1000 1664 1035 ut

299 1061 503 1111 foveam,
562 1068 747 1102 movent
786 1075 858 1102 me
899 1068 945 1102 et
983 1062 1071 1102 alia
1104 1069 1151 1104 et
1189 1064 1398 1104 narratio
1427 1076 1496 1120 ap.
1530 1064 1659 1106 Paus.

298 1131 365 1183 V,
396 1135 482 1182 25,
514 1136 552 1175 1.
615 1132 773 1174 Refert
803 1134 951 1185 enim,
981 1133 1216 1175 Messanos
1232 1134 1419 1176 Siciliae
1448 1148 1504 1176 ex
1533 1150 1661 1179 more

243 1232 246 1237 ι
297 1204 490 1259 antiquo
512 1203 611 1242 κατ’
643 1200 746 1252 ἔτος
776 1204 1132 1262 (intelligendus
1152 1205 1341 1247 videtur
1361 1218 1503 1246 annus
1521 1207 1659 1261 Apol-

293 1272 466 1324 lineus)
508 1273 701 1314 chorum
741 1287 1016 1329 puerorum,
1078 1282 1270 1317 numero
1294 1272 1491 1316 XXXV.
1535 1281 1659 1318 trans

294 1345 466 1385 fretum
510 1345 697 1384 mittere
738 1344 893 1385 solitos
922 1343 980 1385 ad
1011 1347 1179 1386 festum
1216 1344 1402 1401 aliquod
1431 1345 1659 1404 Rhegino-

294 1427 399 1455 rum
431 1413 731 1456 domesticum
763 1415 1173 1457 concelebrandum
1216 1418 1365 1471 iisque
1394 1413 1473 1455 καὶ
1504 1413 1657 1455 διδάσ-

291 1482 437 1525 καλόν
473 1499 530 1525 τε
557 1485 677 1539 ὁμοῦ
714 1487 784 1539 τῷ
811 1486 935 1540 χορῷ
962 1484 1041 1525 καὶ
1081 1482 1228 1541 ἄνδρα
1258 1483 1461 1534 αὐλητὴν
1498 1485 1658 1540 adiun-

290 1558 421 1605 xisse.
498 1557 667 1610 Procul
697 1556 838 1598 dubio
867 1556 931 1598 ad*
954 1556 1213 1612 Apollinem
1244 1563 1291 1599 et
1321 1557 1513 1598 Dianam
1547 1555 1657 1599 haec

290 1629 540 1671 solennitas
571 1629 819 1684 spectavit,
852 1642 941 1683 quo
973 1634 1018 1669 et
1048 1623 1152 1676 ἔτος
1182 1626 1300 1669 illud
1332 1627 1464 1668 ducit
1494 1633 1542 1668 et
1572 1641 1656 1667 nu-

290 1713 445 1742 merus
474 1714 725 1755 puerorum
755 1699 952 1742 XXXV.
1026 1699 1255 1742 Discimus
1286 1713 1340 1742 ex
1370 1699 1454 1739 hac
1487 1711 1655 1741 memo-

289 1772 390 1823 ria,
449 1772 654 1826 primum
685 1785 821 1827 quam
859 1771 1055 1812 illustris
1098 1772 1245 1812 fuerit
1275 1771 1445 1829 religio
1476 1772 1653 1829 Apolli-

287 1844 357 1883 nis
398 1841 626 1899 Rhegini3
696 1842 887 1895 deinde,
946 1841 1065 1898 quod
1106 1851 1194 1884 non
1238 1843 1392 1901 exig-ui
1433 1845 1653 1884 momenti

286 1919 377 1967 est,
436 1914 492 1955 ab
522 1914 724 1969 antiquis
765 1913 1049 1968 temporibus
1095 1913 1176 1955 hos
1207 1912 1411 1954 homines
1443 1913 1652 1955 cantibus

288 1985 488 2026 choricis
518 1998 622 2026 usos
652 1975 763 2025 ess‘e.
851 1983 903 2024 In
947 1984 1110 2039 quibus
1150 1984 1276 2024 festis
1316 1997 1424 2040 num
1465 1988 1652 2038 praeter

285 2068 482 2111 paeanes
511 2056 583 2096 usi
613 2056 709 2096 sint
741 2055 800 2096 iis
831 2055 1138 2107 carminibus,
1183 2067 1296 2109 quae
1327 2068 1352 2094 a
1384 2053 1648 2096 stesichoro

283 2127 554 2169 Himerensi
594 2126 792 2182 aliisque
833 2124 956 2166 idem
996 2138 1141 2183 genus
1181 2125 1437 2165 carminum
1479 2127 1647 2166 secutis

286 2182 542 2252 conscripta
574 2197 796 2248 fuerunt,
840 2209 988 2251 neque
1020 2194 1235 2236 refellere
1266 2209 1413 2251 neque
1444 2197 1554 2237 licet
1582 2198 1645 2237 af-

282 2271 482 2311 firmare.
558 2267 597 2309 Ii
629 2272 756 2308 certe
788 2267 995 2321 turpiter
1026 2266 1271 2319 errarunt,
1328 2268 1413 2321 qui
1437 2268 1518 2309 illa
1547 2282 1646 2310 car-

282 2340 412 2386 mina,
438 2339 624 2387 heroico
636 2338 830 2400 -.lyricas
849 2351 937 2383 non
969 2335 1110 2380 choro
1141 2344 1240 2379 acta
1268 2343 1458 2395 putant,
1510 2338 1592 2381 sed
1620 2352 1644 2380 a

281 2417 415 2465 poeta
446 2411 545 2465 ipso
576 2408 632 2450 ad
666 2408 887 2451 citharam
918 2407 1172 2451 decantata.

394 2478 443 2519 In
475 2478 627 2520 numis
652 2476 965 2536 Rheginorum
997 2466 1196 2536 insignia
1224 2486 1490 2536 comparent
1506 2480 1644 2536 Apol-

280 2549 391 2591 linis
422 2552 627 2601 cortina,
659 2550 835 2603 tripus,
866 2548 989 2602 lyra,
1020 2548 1267 2603 pharetra,
1299 2551 1428 2602 rell.‚
1462 2550 1642 2591 v-Eck-

279 2620 370 2663 hel.
415 2619 561 2662 doctr.
602 2634 726 2663 num.
759 2618 794 2661 Ι.
841 2633 883 2675 p.
919 2621 1017 2666 181.
1109 2618 1160 2661 In
1199 2633 1436 2662 marmore
1459 2619 1538 2661 ΗΓ.
1570 2634 1638 2677 ap.
