1808 2986
266 128 336 181 16

265 260 393 301 stem
412 261 635 303 nostrum
649 256 938 314 comitemur
950 256 998 298 in
1026 253 1293 310 Siciliam,
1305 259 1424 311 ut,
1436 253 1497 299 si
1521 252 1630 299 fieri

265 332 447 384 potest,
474 325 768 380 illustretur,
798 339 884 371 cur
899 308 1082 380 tandem
1102 333 1283 384 veteres
1312 326 1379 368 lta
1397 323 1625 367 finxerint.

266 399 409 456 Probi
439 397 583 441 verba
613 397 728 442 haec
755 403 886 439 sunt.
916 394 1120 451 „Elatus
1149 380 1267 451 (scil.
1292 395 1474 454 Rhegii,
1505 392 1629 450 quod

264 470 428 526 probe
443 466 720 529 tenendum;
779 481 886 523 nam
926 481 1083 509 rerum
1114 469 1411 526 complexum,
1437 478 1629 522 perver-

264 545 400 589 tunt,
432 539 514 597 qui
546 552 653 587 casu
684 538 894 581 Orestem
922 540 971 582 in
1000 538 1212 598 Siciliam
1237 540 1477 598 appulsum
1505 536 1629 580 affir-

262 616 416 661 mant3
478 616 532 651 ut
561 611 742 652 Donato
771 609 803 666 l.
835 623 872 652 c.
904 611 1028 652 circa
1056 608 1260 652 Siciliam
1291 623 1436 664 vagus
1453 607 1626 660 audit3

263 685 549 735 tempestate
565 677 621 721 ad
653 662 859 724 Siciliam
890 679 1092 724 delatum
1120 680 1256 724 Serv.
1274 680 1442 724 Bucol.
1471 694 1518 737 p.
1549 682 1625 738 95·

260 749 403 804 vult.)
449 751 627 807 trajecit
664 751 712 794 in
748 746 954 793 Siciliam
983 762 1025 794 et
1046 751 1188 809 juxta
1216 750 1474 808 Syracusas
1500 766 1531 794 a
1549 762 1629 793 so,-

262 822 385 868 mnio
422 822 680 864 admonitus
708 822 1006 875 simulacrum
1035 820 1189 880 Deae,
1224 824 1367 879 >quod
1392 836 1542 867 secum
1572 823 1628 864 de

263 891 463 939 Taurica
492 894 763 942 advexerat,
803 894 968 948 templo
986 895 1129 949 posito
1158 894 1452 943 consecravit,
1489 907 1625 949 quam

261 966 516 1021 appellavit
543 964 801 1013 Fascelitim
816 992 832 1013 ‚
887 966 1010 1020 quod
1027 965 1175 1021 fasce
1198 965 1426 1021 lignorum
1455 973 1624 1014 tectum

260 1038 318 1080 de
353 1035 548 1080 Taurica
577 1036 872 1078 simulacrum
901 1036 1188 1079 extulisset-‘⁶
1273 1036 1396 1080 Nisi⁴
1421 1050 1522 1078 mea
1551 1050 1624 1090 me

261 1109 462 1165 suspicio
494 1106 645 1161 ludit,
703 1120 796 1162 uon
837 1108 948 1150 satis
990 1114 1206 1151 accurate
1235 1107 1417 1151 locutus
1446 1107 1623 1161 Probus

261 1184 344 1220 est.
404 1179 539 1222 Nihil
570 1180 694 1221 enim
722 1179 922 1221 relatum
953 1180 1147 1237 legimus
1178 1178 1234 1222 de
1264 1179 1505 1223 Phacelina
1538 1180 1622 1221 Di-

260 1262 348 1291 ana
376 1250 505 1310 juxta
525 1249 775 1304 Syracusas
806 1251 940 1302 culta.
1000 1248 1246 1295 Seduxisse
1267 1249 1621 1299 Grammaticum

259 1320 452 1364 videtur
476 1323 553 1379 vel
583 1323 801 1363 carminis
838 1322 1043 1379 bucolici
1083 1323 1298 1378 princeps
1327 1321 1620 1376 Theocritus,

259 1393 342 1449 qui
371 1392 621 1447 Syracusas
651 1395 859 1449 patriam.
877 1393 1065 1449 habuit,
1118 1393 1195 1436 vel
1221 1393 1371 1436 Diana
1406 1390 1620 1449 ποτᾳμία

257 1474 315 1504 ex
345 1460 665 1519 ¹Peloponneso
705 1478 809 1506 cum
850 1461 1025 1508 colonis
1055 1464 1246 1509 Graecis
1287 1465 1339 1507 in
1380 1464 1618 1524 Ortygiam

256 1540 538 1592 propagata,
570 1536 700 1590 cujus
728 1536 894 1580 similis
923 1535 1102 1580 indoles
1132 1539 1253 1592 fuit,
1279 1542 1417 1594 atque
1447 1537 1618 1581 Phace-

256 1604 393 1647 linae.
452 1605 511 1647 V.
543 1620 657 1663 quae
688 1606 786 1650 dixi
816 1606 876 1651 ad
904 1607 1034 1664 Ibyci
1063 1611 1224 1667 fragm.
1248 1612 1323 1656 35.
1353 1607 1507 1652 Schol.
1538 1622 1616 1651 au-

256 1681 353 1718 tem
383 1676 581 1719 Theocr.
614 1677 646 1719 l.
680 1691 719 1719 c.
762 1673 928 1719 ἔπειτα
958 1678 1021 1727 εἰς
1049 1675 1307 1734 Τυνδαρίδα
1335 1679 1416 1728 τῆς
1443 1677 1617 1720 Σικελί-

255 1760 312 1797 ας
341 1744 498 1797 ἧλθεν.
587 1748 714 1803 Quae
755 1749 980 1790 memoria
1021 1749 1209 1806 egregie
1250 1748 1490 1792 confirmat
1534 1763 1614 1792 no-

254 1825 401 1862 stram
464 1817 520 1861 de
572 1819 754 1878 origine
806 1818 985 1862 Dianae
1030 1817 1263 1876 Rheginae
1324 1821 1613 1864 sententiam.

251 1889 465 1947 Namque
487 1888 723 1944 Tyndaris
752 1896 798 1933 et
830 1891 930 1946 ipsa
950 1888 1131 1933 colonia
1154 1891 1245 1933 fuit
1261 1888 1611 1945 Messeniorum.

251 1960 505 2016 Dionysius
531 1961 693 2016 prior,
723 1965 946 2015 tyrannus
974 1959 1335 2016 Syracusarum,
1364 1961 1613 2010 Messenios

250 2032 583 2089 Peloponnesi,
630 2031 869 2087 Zacyntho
899 2038 944 2074 et
969 2031 1237 2088 Naupacto,
1292 2032 1374 2074 ubi
1403 2032 1613 2077 consede·

252 2109 387 2158 rant,
447 2117 476 2145 a
517 2101 894 2145 Lacedaemoniis
932 2102 1131 2157 ejectos,
1186 2108 1428 2158 receperat
1463 2104 1611 2162 iisque

251 2188 357 2216 cum
398 2174 499 2216 aliis
530 2171 982 2216 Messanamrsedem
1012 2172 1342 2231 assignaverat.
1431 2174 1531 2231 Qua
1559 2190 1611 2219 re

250 2258 391 2301 quum
421 2245 552 2286 iram·
570 2240 1042 2304 Lacedaemoniorum
1073 2244 1337 2300 excitasset,
1366 2244 1534 2302 χωρίον
1560 2263 1611 2289 τι

249 2318 335 2365 τῆς
362 2311 680 2368 Ἀβακαινίνης
708 2312 864 2370 χώρας
900 2310 1158 2368 ἀπετέμετο
1198 2313 1338 2372 idque
1364 2316 1611 2372 Messeniis

248 2386 566 2430 habitaculum
597 2385 833 2427 concessit.
926 2383 1017 2440 Qui
1055 2382 1371 2440 Tyndaridem
1408 2386 1612 2430 condunt

248 2459 431 2517 gemino
459 2469 557 2499 sese
586 2455 873 2499 attollentem
892 2454 1103 2508 Lacone,
1131 2468 1178 2506 v.
1209 2453 1349 2498 Diod.
1369 2454 1460 2499 Sic.
1481 2454 1610 2510 XIV,

243 2531 348 2581 78.,
405 2526 525 2584 quod
554 2530 727 2569 factum
758 2531 826 2568 est
857 2525 1036 2582 Olymp.
1066 2523 1231 2567 XCVI.
1314 2525 1384 2568 Ex
1412 2539 1502 2581 quo
1530 2539 1610 2567 ex-

245 2598 398 2656 emplo
429 2597 577 2639 denuo
607 2596 919 2655 intelligitur,
978 2586 1429 2654 quamimpudentes
1460 2596 1609 2642 dicam

245 2683 305 2714 an
346 2669 418 2727 pii
447 2667 624 2710 fuerint
654 2666 823 2710 Graeci
860 2667 910 2709 in
952 2667 1209 2726 originibus
1238 2680 1476 2712 sacrorum
1504 2683 1608 2714 suo-
