1808 2986
1365 168 1489 246 ¹21

140 294 359 336 Morisan.
390 292 523 334 multi
567 288 757 344 praeter
779 286 1024 344 prytaneo,
1081 288 1353 332 archontem
1383 300 1495 343 pen-

138 367 433 417 taetericum,
475 364 813 415 symprytanes‚
860 361 1156 402 nominantur
1185 361 1394 403 homines
1423 374 1494 402 sa-

138 438 230 483 cris
258 433 462 492 Apollini
491 428 739 484 faciundis,
770 426 1056 486 ἱερόσκοποι,
1083 430 1247 482 θύτης,
1280 431 1492 487 ἱεροσαλ-

137 506 328 557 πίστης,
376 516 420 547 v.
453 501 566 544 Poll.
598 502 690 555 IV,
719 506 820 557 87.,
878 501 1218 560 ἱεροπαρέκτης,
1265 502 1490 545 σπονδαύ·

137 577 241 632 λης,
270 577 428 618 tibicen
457 573 743 616 libationibus
772 558 1014 623 αι,·ει“ηεη.ς,.ἱ
1039 589 1084 618 v.
1115 574 1255 618 Salm.
1286 576 1344 618 ad
1372 590 1490 619 serr.

81 690 84 692 ,
136 652 243 693 hist.
274 648 389 705 Aug-¹
431 660 474 701 p.
493 648 622 698 493„
675 645 796 687 Mar.
827 645 1008 688 Victor.
1051 660 1093 701 p.
1121 649 1255 692 2487.
1287 646 1486 702 Putsch„

136 729 183 764 et
225 720 305 775 qui
348 718 543 758 maxime
594 718 738 763 mirus
781 715 937 759 videri
983 716 1152 770 debet,
1210 715 1489 772 καπναύγης,

135 788 266 832 modo
295 788 526 830 sincerum
556 800 721 829 nomen
749 793 842 840 est,
888 787 911 827 ὁ
942 784 1026 827 τὸν
1056 784 1232 828 καπνὸν
1261 785 1487 841 αὐγάζων,

136 860 191 903 de
230 873 320 915 quo
362 871 534 916 genere
563 858 900 900 observationis
930 858 1182 901 voluntatis
1221 856 1404 901 divinae
1442 875 1485 902 v.

134 928 432 985 Eur.·Suppl.
463 928 599 982 211„
645 929 810 971 Helen.
841 933 945 975 745.
1033 929 1124 972 Sed
1162 932 1272 971 satis
1314 929 1370 972 de
1415 932 1487 973 his

135 999 342 1042 omnibus
365 1001 575 1055 exposuit
603 1007 652 1043 et
670 1000 935 1043 Morisanus
960 1008 1005 1044 et
1021 1002 1268 1044 Burmann.
1300 1004 1348 1043 in
1368 1003 1486 1045 Dor·

133 1071 231 1114 vil‘l.
249 1098 252 1101 -
272 1070 365 1113 Sic.
395 1070 453 1112 ΙΙ.
498 1085 554 1128 p„
575 1076 664 1118 560
692 1087 786 1130 sqq.
833 1086 856 1103 ν
874 1073 1023 1115 Docet
1052 1079 1207 1114 autem
1237 1074 1316 1117 ille
1356 1075 1486 1129 lapis,

134 1142 388 1183 diutissime
417 1142 642 1201 Rhegium
679 1149 728 1184 et
768 1150 922 1185 sancte
960 1157 1166 1185 servasse
1206 1145 1485 1205 religionem

131 1214 444 1272 Avpollineam3
474 1214 670 1255 Romana
701 1217 821 1255 enim
850 1221 1056 1270 tempora
1085 1217 1308 1269 praefert.
1369 1217 1487 1257 Nam

133 1282 240 1326 dum
261 1283 468 1326 relicuae
489 1285 699 1328 civitates
720 1297 909 1343 magnae
929 1284 1148 1327 Graeciae
1174 1283 1284 1325 olim
1315 1285 1487 1327 floren-

131 1357 333 1397 tissimae
362 1358 457 1398 fere
482 1356 723 1398 barbaram
744 1358 941 1412 speciem
969 1355 1230 1409 induerant,
1261 1357 1485 1415 Rhegium

130 1427 180 1468 in
210 1427 381 1483 paucis⁵
395 1428 641 1481 pristinum
670 1433 839 1469 statum
869 1427 1144 1469 ineolumem
1175 1428 1396 1481 retinuit,
1438 1442 1483 1469 v.

130 1497 281 1541 Strab.
368 1499 533 1555 Neque
571 1497 900 1557 negligendum
945 1503 1036 1547 est,
1097 1496 1219 1553 quod
1260 1497 1485 1555 Rhegium

129 1569 336 1612 Phoebea
371 1575 631 1625 nuncupata
672 1576 762 1622 est,
822 1583 963 1625 quum
1002 1582 1031 1610 a
1059 1569 1285 1624 Dionysio
1322 1571 1483 1628 priore

129 1638 286 1681 diruta
315 1653 371 1682 ex
400 1639 528 1696 parte
558 1642 900 1683 instauraretur
929 1654 956 1682 a
984 1640 1108 1694 filio;
1162 1638 1286 1696 quod
1316 1654 1482 1682 nomen

129 1711 302 1770 insigni
352 1711 523 1754 Phoebi
568 1711 795 1769 Apollinis
842 1711 1129 1755 venerationi
1181 1708 1375 1765 deberi,
1434 1713 1483 1753 in

129 1788 288 1838 aperto
319 1787 400 1824 est.

242 1852 546 1895 Revertamur
575 1853 634 1896 ad
661 1854 866 1896 Dianam.
956 1854 1198 1910 Templum
1239 1860 1371 1897 extra
1399 1870 1481 1898 ur-

129 1924 233 1965 bem
259 1924 424 1979 situm,
454 1924 599 1966 Thuc.
631 1924 726 1977 VI,
757 1928 827 1970 44.
859 1920 940 1975 ἔξω
971 1926 1052 1974 τῆς
1081 1922 1258 1974 πόλεως
1285 1923 1481 1982 στρατό-

126 1995 269 2038 πεδον
311 1993 713 2039 κατεσκευάσαντο
758 1993 803 2035 ἐν
844 1996 913 2050 τῷ
955 1998 1037 2045 τῆς
1076 1994 1325 2053 Αρτέμιδος
1366 1997 1483 2054 ἱερῷ.

128 2066 319 2125 Rhegii,
373 2065 638 2122 Tyndaride
670 2074 717 2109 et
744 2067 984 2109 Artemisii
1014 2067 1284 2109 Phacelinae
1317 2080 1482 2109 nomen

127 2143 323 2195 gestasse
374 2136 782 2180 demonstravimus
836 2151 934 2179 eam
955 2168 970 2190 ‚
1029 2152 1145 2194 quae
1198 2137 1320 2194 apud
1357 2137 1481 2179 Mes-

127 2210 276 2251 senios
318 2214 366 2251 et
401 2209 786 2251 Lacedaemonios
831 2206 1105 2263 Λυγοδέσμα
1154 2210 1256 2250 fuit.
1344 2207 1481 2264 Apud

131 2278 327 2323 Graecos
348 2280 531 2337 quidem
557 2281 806 2337 scriptores
830 2293 929 2333 eos,
961 2294 1071 2336 quos
1101 2281 1368 2337 superstites
1401 2281 1481 2322 ha-

128 2352 307 2407 bemus,
338 2366 428 2395 non
459 2353 694 2408 reperitur
722 2350 1018 2404 vocabulum3
1059 2352 1216 2394 Latini
1246 2353 1480 2394 Gramma-

127 2426 212 2466 tici
237 2416 453 2466 Latinam
483 2425 577 2466 rati
603 2425 833 2481 originem
862 2436 888 2464 a
924 2436 1035 2467 vera
1066 2422 1224 2466 radice
1262 2423 1479 2481 indagan-

128 2493 184 2537 da
214 2493 514 2538 deflexerunt.

240 2567 511 2622 Quanquam
546 2566 724 2622 aliquid
761 2572 815 2608 ut
852 2564 1101 2619 viderent,
1161 2579 1267 2606 casu
1306 2567 1476 2607 factum

128 2642 209 2679 est.
297 2635 544 2683 Descendit
571 2651 599 2682 a
627 2651 741 2691 voce
772 2634 995 2694 φάκελος,
1045 2633 1296 2691 φάκελλος,
1355 2635 1475 2694 quod
