1808 2986
236 111 343 162 -24

274 221 453 277 Αγραις
475 220 680 279 Δρτιμιν
708 222 778 277 τῷ
814 217 940 274 λύγῳ
974 217 1029 273 1¹¹)
1053 198 1338 272 xo'·t-.⁶.'q⁵ech‹³u„
1397 212 1459 256 Ut
1487 211 1647 274 lygus2

276 293 346 336 ita
376 289 541 346 ἄγνος,
572 294 699 336 vitex
706 323 725 361 Δ,
759 292 884 334 Deae
915 303 1070 344 sacra,
1101 287 1448 345 haudquaquam
1478 283 1535 327 ob
1563 296 1638 324 ca-

277 364 506 417 stitatem,
536 369 590 405 ut
620 360 984 407 vult·Schwenk.
1017 367 1153 416 etym.
1185 384 1241 392 --
1269 356 1414 414 myth.
1439 352 1636 398 Andeut.

277 448 321 491 p-
354 437 482 486 221„
541 434 621 476 sed
660 435 718 477 ob
754 434 957 486 indolem
989 431 1113 475 Deae
1141 427 1447 486 Λιμνάτιδος,
1512 425 1640 482 Ρειὶιι-Δ

278 505 400 552 stris.
462 504 533 546 De
564 506 693 560 cujus
711 506 835 548 Deae
865 505 1074 548 castitate
1105 515 1194 545 non
1228 503 1364 544 nimis
1393 501 1510 552 bene
1540 510 1642 545 sen-,-

278 575 390 616 sisse
420 582 625 630 veteres,
684 576 849 633 Alphei
879 589 1007 618 amor
1038 573 1171 617 docet
1199 575 1247 615 in
1278 563 1481 616 Dianam‘
1507 569 1641 612 fluvi·

280 647 411 694 alem.
461 682 471 688 c
491 647 544 689 In
585 648 869 704 palustribus
899 648 1167 707 regionibus
1198 647 1320 693 enim
1347 646 1512 698 yitices
1549 643 1643 691 lae-

281 719 455 763 tissime
513 719 801 762 efflorescunt
850 726 898 762 et
963 721 1115 776 primo
1169 730 1281 761 vere
1344 714 1644 757 luxuriantur

281 790 569 834 ramusculis.
657 792 830 847 Quibus
874 797 921 832 et
958 791 1125 849 effigies
1155 790 1279 832 Deae
1309 784 1643 832 circumvolve·

281 861 423 905 batur
460 868 508 904 et
552 862 756 905 homines
795 864 959 906 rustici
997 869 1203 919 tempora
1233 872 1315 902 sua
1353 856 1644 910 redimibant,
1675 883 1681 887 -

281 947 328 976 v.
359 934 602 995 Welcker.
645 934 825 994 Trilog.
862 933 1029 992 *Aescu
1075 948 1116 990 p.
1147 938 1206 979 52
1235 946 1329 988 sqq.
1421 928 1646 977 Videmus

282 1005 429 1047 Deam
461 1005 578 1053 hane
607 1011 809 1048 nostram
842 1005 1012 1047 cultam
1042 1006 1091 1046 in
1122 1004 1372 1061 portubus,
1411 1000 1532 1045 uude
1562 1000 1645 1043 Λι-

284 1072 570 1129 μενόσκοπος
598 1081 794 1129 vocata,
851 1076 979 1129 juxta
1009 1077 1223 1129 flumina,
1270 1072 1507 1128 ποταμία,
1554 1074 1647 1115 Αλ-

286 1142 438 1198 φειώα
468 1146 516 1186 in
540 1145 669 1187 Elide
701 1151 749 1187 et
780 1145 1002 1204 Ortygia,
1033 1145 1093 1189 ad
1121 1145 1270 1201 lacus,
1300 1146 1348 1188 in
1380 1146 1647 1204 regionibus

285 1214 654 1271 Λιμναζούσαις,
704 1216 1028 1275 stagnantibus.
1118 1216 1182 1258 Ex
1213 1217 1376 1273 quibus
1405 1216 1648 1273 redundat,

286 1291 423 1331 fuisse
462 1300 631 1330 numen
674 1301 728 1330 ex
769 1287 965 1331 humore
1010 1293 1166 1331 terrae
1204 1294 1251 1331 et
1280 1290 1412 1346 aquis
1439 1291 1649 1348 vigorem

284 1365 481 1402 naturae
512 1364 557 1400 et
582 1371 801 1416 agrorum
834 1358 1135 1411 fertilitatem
1155 1367 1202 1402 et
1230 1373 1449 1416 pecorum
1478 1362 1649 1404 valitu-

287 1431 442 1472 dinem
479 1431 755 1471 ministrans.
848 1429 919 1471 Ita
957 1430 1096 1471 etiam
1127 1429 1300 1479 Panet
1343 1428 1506 1480 α”κτιος
1547 1433 1648 1485 fuit,

286 1501 487 1543 Theocr.
520 1499 589 1552 V,
623 1501 721 1550 14.,
774 1504 820 1540 et
858 1492 1125 1551 Λιμενίτης,
1168 1499 1371 1543 Lobeck.
1412 1501 1647 1557 soph..Aj.

287 1569 403 1616 694.
481 1570 607 1612 Hinc
650 1569 752 1612 loca
780 1569 862 1612 illa
893 1570 1217 1626 Peloponnesi,
1276 1573 1354 1614 cui
1381 1572 1494 1614 haee
1522 1573 1649 1617 Deae

288 1640 464 1684 indoles
494 1641 687 1683 maxime
717 1638 1022 1694 adhaerebat,
1051 1655 1096 1684 v.
1128 1641 1343 1692 Mueller.
1368 1644 1507 1687 Dorr.
1539 1645 1574 1686 I.
1605 1659 1650 1699 p.

286 1715 409 1764 375„
439 1716 604 1753 vocata
625 1707 797 1764 Λίμναι
817 1723 844 1752 a
865 1710 963 1752 Dea
985 1712 1102 1767 ipsa,
1132 1711 1239 1756 hinc
1263 1711 1505 1757 delubrum
1525 1715 1650 1758 Deae

287 1782 523 1840 Rheginae
567 1787 696 1824 extra
735 1783 916 1828 moenia
955 1781 1137 1838 oppidi,
1194 1784 1387 1826 forsitan
1427 1786 1477 1826 in
1516 1787 1652 1828 litore

286 1855 360 1896 vel
393 1852 452 1894 ad
480 1866 622 1894 unum
652 1865 708 1893 ex
737 1853 893 1893 fluviis
924 1853 1017 1895 illis
1045 1855 1241 1911 septem3
1296 1852 1418 1910 quod
1447 1867 1561 1897 vero
1590 1855 1653 1897 si-

287 1925 532 1979 millimum
561 1923 776 1975 videtur,
808 1922 916 1965 hinc
946 1930 993 1965 et
1021 1922 1252 1977 Tyndaris
1281 1930 1329 1965 et
1354 1925 1653 1967 Artemisium

288 1996 429 2038 urbes
459 1996 507 2036 in
539 1994 704 2048 litore,
752 1994 881 2048 juxta
909 1993 1102 2045 fluvi0s3
1150 1993 1219 2047 is,
1269 1994 1348 2051 qui
1389 2000 1491 2036 erat
1532 1993 1652 2051 apud

289 2067 618 2118 Artemisium,
676 2079 703 2107 a
745 2066 895 2106 Diana
937 2064 1019 2105 illa
1066 2063 1335 2105 Phacelinus
1381 2064 1651 2121 appellatus.

290 2140 388 2183 Nec
432 2137 618 2190 dubito,
679 2137 788 2194 quin
820 2133 1023 2190 Hesych.
1056 2132 1241 2187 Glossa,
1300 2147 1416 2191 quae
1458 2135 1653 2179 Dianam

323 2285 386 2328 11)
434 2283 555 2329 Vulgo
587 2280 692 2328 λόγῳ.
752 2281 915 2334 Emend.
939 2280 1145 2318 Schwenk.
1178 2280 1206 2317 l.
1234 2292 1268 2317 ο.
1341 2281 1491 2319 Eadem
1524 2294 1654 2319 corru-

434 2342 541 2392 ptela
565 2340 731 2377 inhaesit
757 2342 851 2376 olim
875 2343 992 2390 frgm.
1019 2354 1063 2379 ex
1087 2342 1259 2391 Aeschyl.
1284 2342 1461 2391 Sphing„
1486 2342 1528 2380 ἐκ
1544 2346 1655 2391 Προ-

434 2405 586 2455 μηθέως
610 2400 719 2449 λόγου
734 2430 743 2447 ,
783 2401 925 2438 dudum
950 2402 1105 2439 sublata
1129 2403 1178 2438 ab
1203 2402 1367 2450 Heynio.
1415 2404 1555 2452 anue.
1571 2414 1655 2437 cor-

432 2465 555 2503 rectio
580 2463 635 2497 ita
661 2469 773 2497 certa*
790 2468 868 2508 est,
892 2475 926 2499 v.
950 2462 1094 2499 Welck.
1118 2462 1265 2510 Trilog.
1289 2464 1425 2500 Aesch.
1454 2477 1491 2512 p.
1504 2466 1550 2502 44
1562 2475 1655 2511 sqq..

432 2532 477 2561 ut
501 2522 745 2559 Dindorfium
770 2523 911 2571 mirer,
959 2523 1158 2574 vulgatam
1193 2524 1309 2563 tacite
1332 2532 1571 2573 servantem,
1618 2536 1653 2563 v.

423 2588 551 2635 firgus.
574 2584 705 2622 Aesch.
728 2587 810 2624 219.
847 2615 853 2619 .
