1808 2986
227 120 299 201 28

227 240 354 285 modi
386 237 624 282 hominum
653 237 848 279 rudibus
886 236 1157 296 quibusdam
1201 235 1439 290 cantilenis
1478 246 1586 277 con-

229 312 488 365 celebrari,
546 324 590 353 v.
617 308 781 352 *MuelL
815 309 954 351 Dor-r.
989 309 1047 350 Π.
1097 323 1141 365 p.
1172 312 1274 355 346.
1362 305 1415 348 Id
1446 317 1586 361 quum

229 383 643 426 Grammaticorum
674 386 855 437 captum
899 371 1163 434 excederet,
1223 379 1303 435 qui
1346 376 1402 419 de
1434 376 1585 418 choris

228 455 465 513 virginum
496 452 863 504 exaudivissent‚
902 452 1187 507 maximeque
1219 451 1275 494 de
1296 449 1586 492 nobilissimis

228 525 323 566 illis
354 522 706 578 Caryatidibus,
763 522 964 564 Dianam
998 522 1156 564 ‘choris
1193 528 1241 564 et
1270 521 1476 563 cantibus
1505 532 1585 567 ve-

228 595 434 648 neratis,
493 595 542 635 in
572 599 793 648 promptu
825 601 956 646 erat,
1012 594 1185 651 fingere.
1213 605 1438 644 caussam,
1497 601 1587 646 qua

229 664 475 719 impeditae
507 664 700 705 fuissent
730 660 963 722 virgines,
993 665 1235 720 quominus
1264 676 1425 704 munus
1454 675 1588 703 suum

229 741 600 790 exsequerentur.
691 734 925 787 Ejusmodi
964 742 1116 777 autem
1154 736 1373 791 temporis
1412 735 1587 774 articu-

229 807 323 847 lum
355 819 493 862 quum
525 806 959 861 circumspicerent,
1020 802 1110 862 quo
1141 810 1236 847 tota
1265 806 1361 846 fere
1391 803 1588 846 Graecia

228 883 352 920 mota
386 877 562 918 bellicis
593 878 742 919 turbis
773 884 914 930 esset,
973 877 1127 919 nullus
1165 876 1437 919 occurrebat
1466 889 1588 917 com-

228 948 437 1002 modior,
497 961 632 1005 quam
681 961 818 1004 quum
862 948 1037 991 Xerxes
1088 948 1389 990 barbarorum
1444 946 1586 1002 copiis

228 1022 494 1062 universam
524 1018 766 1060 Graeciam
798 1021 1062 1062 infestasset.
1139 1019 1259 1061 Nam
1292 1019 1378 1061 hoc
1408 1025 1588 1075 tempus

227 1098 402 1146 ponunt
444 1103 599 1131 ansam
639 1079 816 1132 dedisse
857 1092 1163 1134 cantiunculis
1206 1091 1298 1132 illis
1353 1090 1588 1133 hominum

229 1163 493 1220 agrestium.

343 1232 522 1288 Quibus
553 1231 799 1290 diligenter
829 1235 1051 1288 excussis,
1081 1235 1146 1277 ita
1174 1232 1471 1289 judicandum
1490 1244 1586 1277 esse

228 1305 429 1359 reperio.
461 1301 465 1305 ‘
513 1304 761 1345 Dorienses
792 1303 863 1345 illi
893 1304 1119 1347 Messenii
1148 1307 1198 1347 in
1228 1308 1379 1363 patria
1410 1309 1496 1360 ita,
1535 1311 1590 1347 ut

226 1374 613 1426 Lacedaemonii,
670 1374 869 1415 Dianam
908 1375 1037 1416 illam
1065 1383 1289 1434 agrestem
1318 1376 1480 1419 diebus
1516 1388 1588 1417 so-

229 1445 441 1488 lennibus
470 1445 546 1487 vel
579 1445 732 1487 choris
762 1446 1000 1503 virginum
1037 1447 1328 1489 celebrabant
1363 1447 1439 1490 vel
1481 1460 1588 1489 can-

228 1518 381 1558 tilenis
414 1518 721 1557 rusticorum:
781 1516 971 1558 eandem
1010 1516 1385 1560 consuetudinem
1421 1530 1588 1573 propa-

227 1589 395 1645 gabant
424 1587 577 1629 coloni
606 1588 653 1627 in
685 1585 908 1628 Siciliam.
996 1586 1084 1628 Ubi
1119 1594 1323 1643 pastores
1353 1587 1589 1646 indigenas

229 1658 438 1713 Siculos,
476 1670 670 1714 quorum
702 1656 935 1699 hominum
967 1665 1140 1701 mentes
1168 1659 1226 1701 ad
1258 1660 1366 1701 talia
1395 1660 1588 1702 inclina-

229 1729 369 1783 bant,
428 1729 624 1771 maxime
654 1729 774 1771 hunc
803 1742 975 1771 morem
1005 1735 1181 1772 secutos
1211 1737 1403 1786 apparet
1432 1744 1485 1773 ex
1515 1744 1587 1785 eo,

228 1799 352 1855 quod
376 1799 678 1843 Grammatici
710 1797 980 1855 ἐπιχωρίους
1008 1800 1083 1843 vel
1114 1808 1277 1844 nautas
1310 1808 1355 1844 et
1382 1807 1587 1857 pastores

228 1872 284 1912 ab
316 1871 482 1913 Oreste
523 1876 796 1914 convocatos
835 1873 1008 1927 primos
1049 1873 1166 1915 hanc
1207 1871 1588 1915 consuetudinem

227 1943 478 1999 praeivisse
510 1944 737 1983 referunt.
830 1942 980 1998 Quum
1009 1950 1160 1985 autem
1190 1943 1396 1985 Orestem
1426 1944 1588 2001 imagi-

228 2027 330 2057 nem
361 2015 486 2056 illius
515 2013 641 2055 Deae
679 2013 726 2054 in
758 2025 834 2053 eas
862 2011 989 2054 sedes
1018 2013 1226 2056 attulisse
1270 2014 1361 2056 sibi
1398 2028 1589 2070 persua-

228 2088 419 2139 sissent,
468 2092 557 2128 non
587 2089 804 2143 poteraut
831 2078 923 2125 non
954 2084 1158 2141 origines
1190 2086 1407 2128 carminis
1436 2092 1589 2143 pasto-

229 2158 335 2205 ritii
365 2163 414 2199 et
452 2158 570 2214 ipsas
603 2154 660 2199 ad
697 2154 893 2197 eundem
926 2154 1133 2198 Orestem
1173 2159 1367 2200 referre.
1458 2159 1588 2202 Haec

228 2229 491 2272 necessaria
521 2227 840 2269 consecutione
870 2227 1102 2281 profluere
1128 2226 1401 2271 videbantur
1432 2244 1487 2273 ex
1515 2230 1588 2272 his

228 2298 410 2342 fabellis
440 2298 703 2356 ignorantia
733 2296 1150 2340 Grammaticorum
1180 2296 1454 2356 depravatis.
1522 2301 1590 2342 Ex

231 2372 398 2428 quibus
427 2371 469 2412 si
509 2375 634 2412 certe
665 2368 878 2411 nonnihil
916 2369 1022 2412 veri
1061 2370 1409 2426 extricavimus,
1466 2370 1588 2414 suffi-

230 2444 323 2485 ciat
350 2444 399 2486 in
425 2454 654 2499 praesens.
683 2463 742 2473 -
