1808 2986
1542 77 1580 129 5

212 203 477 262 principatu
512 201 722 254 delubri,
761 213 928 258 ‘quem
952 206 1151 258 uterque
1191 199 1281 243 sibi
1322 196 1577 256 arrogavit,

211 275 364 332 jurgia
394 274 704 330 efflagrarant‚
762 272 1019 314 etTiberii
1048 271 1162 326 adeo
1198 277 1403 327 tempore
1432 270 1577 324 impe-

210 346 382 394 ratoris,
413 343 631 395 Romani,
694 342 846 382 utrius
875 347 1018 394 esset,
1077 341 1246 383 Romae
1274 354 1358 398 per
1398 339 1575 398 legatos

212 411 512 468 disceptatum
542 417 641 465 est,
698 413 897 466 utroque
928 411 1096 467 populo
1125 410 1183 452 ad
1213 412 1448 453 annalium
1477 422 1575 452 me-

210 485 407 526 moriam
437 488 683 538 vatumque
713 483 917 524 carmina
946 488 1250 538 provocante,
1297 481 1445 524 Tacit.
1477 480 1573 523 An-

210 554 324 603 nall.
354 553 461 606 IV„
479 556 554 600 43.
579 561 588 570 ⁸
614 554 716 609 Quo
745 568 887 611 quum
915 553 1270 597 Lacedaemonii
1300 553 1434 607 γενεᾷ
1464 558 1572 596 ante

210 627 380 682 bellum
408 624 748 676 Messeniacum
788 626 989 682 primum
1018 626 1246 666 misissent
1274 624 1483 682 virgines
1513 620 1574 664 ad

209 702 370 747 festum
398 699 575 748 Dianae
594 696 954 750 celebrandum,
983 700 1354 752 supervenerunt
1381 696 1572 749 juvenes

209 761 454 822 Messenii,
513 769 592 824 qui
633 770 794 810 florem
834 768 1072 825 virginum
1117 766 1227 809 laeti
1269 764 1574 821 decerperent

209 839 357 893 iisque
387 840 560 889 auxilia
588 842 713 881 ferre
744 845 790 880 et
818 838 1088 894 propulsare
1120 840 1215 882 vim
1240 843 1462 882 ‚conatum
1478 837 1572 880 Te·-

207 907 376 962 leclum
409 921 578 966 reg-em.
594 909 946 952 obtruncavere.

208 1025 210 1029 Α
325 979 396 1021 Ita
440 979 552 1021 haec
588 980 807 1021 accidisse
846 979 1097 1022 narrabant
1124 979 1347 1022 Messenii
1377 978 1572 1033 exsules,

204 1049 573 1106 conspirantibus
614 1050 881 1105 Spartanis:
942 1049 1110 1106 quibus
1150 1048 1345 1092 adversa
1384 1049 1573 1103 jactasse

208 1120 462 1163 Messenios
493 1121 717 1173 relicuos,
775 1134 909 1163 nemo
950 1121 1225 1174 mirabitur,
1283 1122 1363 1177 qui
1393 1122 1573 1176 culpam
1627 1108 1629 1110 ’

204 1190 448 1243 ‚provocati
478 1188 589 1229 belli
619 1203 645 1230 a
675 1202 722 1230 se
751 1190 938 1231 amoliri
961 1192 1341 1243 conniterentur,
1369 1204 1415 1232 v.
1438 1189 1574 1231 Paus-

210 1260 238 1300 l.
262 1273 299 1300 c.
332 1282 334 1285 ·
359 1257 712 1313 Lacedaemonii
730 1274 869 1317 quum
889 1260 1072 1317 publice
1095 1274 1263 1317 poenas
1284 1260 1575 1317 expoposcis-

208 1337 332 1383 sent,
364 1332 411 1372 in
436 1330 547 1372 duas
569 1331 914 1373 dirimebantur*
936 1337 1091 1388 partes
1114 1331 1361 1373 Messenii:
1400 1330 1573 1384 justior

208 1403 355 1444 altera
386 1408 432 1444 et
471 1415 587 1459 quae
629 1416 795 1445 numen
827 1408 1129 1453 revereretur
1156 1402 1281 1452 Deae
1311 1413 1459 1459 neque
1497 1401 1573 1443 in-

207 1475 350 1529 jurias
391 1487 425 1514 a
448 1473 696 1526 Messeniis,
728 1476 958 1529 profectas
1000 1474 1195 1515 infitiata
1224 1485 1371 1528 neque
1401 1484 1574 1527 poenas

200 1556 447 1601 recusans,
503 1543 559 1585 ab
589 1545 735 1597 altera
777 1545 867 1585 ista
895 1545 1073 1585 nefarie
1102 1544 1248 1585 solum
1278 1548 1463 1586 vertere
1495 1555 1573 1584 co-

208 1620 309 1658 acta
340 1614 593 1666 Macistum
620 1618 863 1670 aufugerat
879 1615 1163 1670 Triphyliae.
1225 1612 1356 1656 Unde
1377 1612 1574 1668 Delphi-

209 1699 312 1728 cum
349 1683 504 1727 adiere
535 1684 815 1740 Apollinem,
873 1683 1101 1741 quomodo
1142 1683 1259 1727 salvi
1303 1683 1573 1738 evaderent,

208 1754 382 1810 perditi
411 1754 526 1807 jam,
568 1757 870 1796 sciscitaturi.
930 1756 1034 1797 Non
1063 1757 1184 1797 enim
1214 1769 1299 1812 par
1328 1762 1465 1811 atque
1494 1769 1573 1797 ae-

202 1810 350 1884 'quum
371 1838 489 1876 esse,
519 1839 566 1866 se
589 1825 659 1866 his
682 1826 1019 1867 calamitatibus
1039 1826 1396 1880 circumveniri,
1427 1827 1572 1883 ipsius

208 1899 359 1939 sorori
402 1898 575 1939 civium
611 1898 894 1951 procacitate
936 1897 1130 1937 violatae
1171 1898 1401 1952 suppetias
1446 1901 1572 1940 ferre

209 1983 353 2011 ausos.
386 1992 444 2000 —
532 1966 696 2028 Neque
728 1969 903 2009 frustra
932 1966 1160 2022 Delphico
1191 1967 1290 2009 Deo
1319 1972 1417 2010 rem
1448 1982 1573 2011 com-

210 2040 426 2081 mittunt:
486 2036 804 2097 adjunguntur
843 2037 900 2080 ad
939 2032 1262 2080 Chalcidenses
1298 2040 1410 2081 istos
1452 2039 1573 2083 Rhe-

210 2100 336 2168 gium
367 2111 613 2165 petituros.
704 2110 866 2153 Sorori
909 2111 1106 2167 gratiam
1150 2110 1369 2164 jubentur
1398 2110 1572 2152 habere

209 2181 396 2238 salutis?
454 2182 654 2236 patriam*
687 2182 810 2221 enim
854 2181 1061 2236 ipsorum
1105 2177 1265 2234 μικρὸν
1308 2177 1510 2237 ὕστερον
1545 2194 1573 2221 a

210 2250 584 2311 Lacedaemoniis
626 2252 689 2293 iri
718 2237 968 2294 sabacium.
1060 2250 1129 2293 Ita
1158 2251 1269 2292 hae'c
1298 2251 1573 2295 Strabonem

211 2325 403 2366 maxime
450 2328 636 2363 secutus
678 2323 925 2363 enarravi:
986 2334 1164 2363 omnem
1203 2334 1363 2365 rerum
1404 2336 1573 2367 nexum

210 2396 370 2438 turbat
400 2396 619 2436 memoria
650 2393 940 2446 Heraclidis,
972 2395 1052 2449 qui
1082 2392 1113 2436 l.
1147 2406 1182 2434 c.
1218 2406 1325 2434 casu
1355 2393 1573 2437 incidisse

212 2466 530 2513 Chalcidenses
559 2467 606 2505 in
627 2464 881 2506 Messenios
901 2463 1092 2506 Macisti
1122 2469 1426 2506 commoratos
1458 2467 1574 2507 scri-

196 2524 303 2598 ibat,
363 2536 587 2579 Fecissent
615 2536 709 2577 iter
732 2533 1074 2588 Chalcidenses,
1105 2535 1145 2576 si
1170 2534 1410 2577 Heraclidi
1437 2535 1573 2580 fidem

180 2618 187 2630 “
211 2608 556 2667 adjungeremus
572 2637 587 2662 ,
627 2604 1015 2664 compendiariam
1046 2607 1097 2650 in
1127 2605 1323 2666 eandem.
1345 2623 1571 2662 normam,
